1924 3148
288 248 315 289 J
319 247 543 290 ornandes
559 252 724 303 narrat,
749 261 868 292 anno
885 248 967 290 427
985 250 1159 302 [Hierio
1177 253 1220 292 et
1239 250 1492 295 Ardaburio
1510 252 1621 308 Osa,
1651 255 1757 298 duo·

205 316 379 358 decimo
418 328 537 358 anno
574 320 677 370 post
715 317 1029 360 adventionem
1070 318 1243 360 Waliae
1280 320 1326 360 in
1366 323 1573 374 regnum)
1604 333 1757 376 regem

205 384 451 426 Gothorum
485 388 635 438 (quem
667 386 861 427 Waliam
901 386 1102 428 nominat
1130 398 1212 440 pro
1244 387 1548 438 Theodorico)
1585 389 1662 430 tali
1690 390 1758 431 ira

203 454 247 492 et
277 450 381 492 odio
414 463 652 493 accensum
693 453 831 495 fuisse
868 454 913 494 in
944 453 1196 495 Vandalum
1234 454 1422 508 hostem,
1463 459 1511 496 ut
1547 455 1679 497 etiam
1709 456 1756 497 in

202 520 397 560 Africam
430 525 531 560 eum
564 521 779 561 voluisset
810 523 1039 575 persequi3
1077 526 1122 563 at
1151 522 1295 562 classe
1326 521 1382 562 ad
1412 522 1542 575 hujus
1573 522 1754 576 expedi-

201 586 335 627 tionis
365 598 495 627 usum
534 592 806 641 comparata,
850 589 1051 630 horribili
1095 591 1357 643 tempestate
1396 588 1555 643 deleta,
1601 601 1755 644 regem

200 653 414 696 Tolosam
446 666 674 695 reversum
708 666 821 696 esse.
881 657 1004 697 Haec
1034 656 1276 698 Jornandis
1306 657 1502 697 narratio
1534 656 1591 697 de
1621 668 1754 710 expe-

202 720 371 762 ditione
414 721 563 762 navali
599 722 645 763 in
677 722 886 763 Africam*
917 723 1013 765 sine
1052 723 1187 766 dubio
1225 735 1332 765 vera
1369 735 1462 765 non
1501 727 1587 768 est:
1633 723 1752 766 idem

202 790 319 830 enim
351 788 530 830 tradidit
560 789 616 831 de
631 790 778 830 Walia
808 790 865 830 ad
897 803 1063 831 annum
1093 790 1176 830 416
1192 790 1363 832 vel4l7
1382 790 1569 833 Orosius
1591 803 1752 845 aequa-

148 886 150 889 .
202 857 269 909 lis,
301 857 371 897 cui
402 860 523 898 certe
552 857 685 898 fidem
718 857 884 899 habere
916 857 1144 899 debemus.

284 924 343 965 At
373 936 430 964 ex
460 924 536 966 illo
566 924 807 965 Jornandis
839 936 992 966 errore
1022 935 1113 966 non
1143 925 1246 965 licet
1266 924 1549 978 concludere,
1582 926 1752 967 Gothos

203 991 387 1033 omnino
425 1004 517 1032 non
553 992 793 1045 participes
832 992 968 1033 fuisse
998 991 1296 1045 expeditionis
1335 995 1492 1033 contra
1520 992 1750 1034 Vandalos

199 1058 306 1099 inde
336 1058 393 1099 ab
425 1071 544 1100 anno
574 1057 718 1110 427.¹)
778 1059 938 1113 Neque
968 1071 1023 1100 ea
1043 1058 1100 1100 de
1131 1071 1267 1100 causa
1295 1059 1417 1100 illam
1447 1071 1614 1113 negare
1635 1060 1751 1112 licet,

200 1125 323 1178 quod
354 1126 567 1179 aequales
599 1125 655 1167 de
691 1126 978 1180 expeditione
1011 1127 1200 1169 Gothica
1238 1129 1394 1169 contra
1422 1126 1651 1169 Vandalos
1689 1127 1752 1167 nil

199 1192 506 1243 tradidissent3
537 1193 744 1245 equidem
777 1205 911 1234 unam
929 1194 1188 1235 Cassiodori
1220 1194 1528 1235 auctoritatem
1545 1195 1750 1235 sufficere

199 1263 321 1313 puto,
353 1260 429 1312 qui
459 1260 611 1301 Hierio
650 1263 693 1300 et
723 1259 976 1302 Ardaburio
1008 1260 1104 1302 Css.
1136 1273 1164 1301 a
1195 1260 1351 1302 Gothis
1390 1263 1546 1301 contra
1577 1260 1750 1301 Vanda-

198 1327 268 1368 los
298 1330 542 1380 pugnatum
562 1339 662 1368 esse
693 1330 822 1368 autor
852 1331 938 1381 est3
969 1340 1239 1381 quamquam
1257 1339 1359 1368 eum
1391 1339 1543 1368 errore
1574 1331 1751 1380 captum

199 1394 337 1434 fuisse
367 1393 555 1444 scimus,
592 1406 728 1448 quum
760 1394 1064 1437 Vandalorum
1096 1397 1273 1448 gentem
1304 1405 1359 1436 eo
1388 1393 1488 1447 ipso
1519 1406 1637 1435 anno
1669 1393 1751 1435 427

199 1462 419 1515 Hispania
460 1461 689 1503 exclusam
731 1473 833 1502 esse
862 1466 1024 1504 narret.
1084 1463 1150 1504 Ab
1183 1460 1444 1515 aequalibus
1482 1473 1590 1503 vero
1621 1462 1750 1515 huJus

199 1527 499 1581 expeditionis
530 1540 620 1569 non
652 1530 700 1569 fit
729 1529 910 1581 mentio,
950 1528 1071 1582 quod
1102 1529 1284 1582 proeliis
1315 1528 1509 1568 cruentis
1548 1540 1639 1569 non
1670 1529 1751 1570 fuit

198 1594 453 1649 insignis'2);
480 1596 754 1649 posteriores
785 1600 933 1636 autem
954 1607 1103 1636 rerum
1135 1596 1388 1649 scriptores,
1419 1594 1495 1648 qui
1525 1597 1571 1635 et
1599 1593 1750 1636 discri-

199 1674 301 1702 men
335 1664 379 1702 et
407 1666 682 1702 momentum
714 1662 991 1715 migrationis
1020 1662 1138 1702 illius
1169 1661 1442 1702 Vandalicae
1479 1666 1750 1713 cognossent

200 1732 243 1770 et
281 1741 308 1769 a
338 1732 464 1782 parte
502 1729 747 1770 Gothorum
781 1732 961 1782 starent,
1007 1729 1226 1770 memoria
1256 1728 1436 1781 dignum
1482 1738 1582 1768 esse
1626 1733 1749 1782 puta-

199 1807 320 1848 vere,
351 1807 379 1836 a
410 1795 565 1836 Gothis
597 1795 811 1848 expulsos
843 1807 943 1836 esse
975 1795 1204 1837 Vandalos
1234 1796 1278 1835 in
1311 1794 1517 1835 Africam.

282 1862 443 1916 Neque
473 1862 583 1903 levis
606 1863 831 1915 momenti,
863 1866 911 1903 ut
938 1861 984 1902 id
1006 1862 1202 1916 credam,
1233 1863 1349 1902 hanc
1368 1862 1587 1902 rationem
1619 1861 1748 1914 duco,

201 1929 324 1984 quod
353 1929 598 1983 Vandalos,
644 1930 749 1983 quin
782 1933 1091 1983 premerentur
1136 1930 1191 1971 ab
1236 1928 1437 1971 hostibus
1480 1929 1748 1982 potentibus,

195 1997 457 2050 Hispaniam
500 1997 862 2038 amoenissimam
904 1988 947 2038 et
996 1997 1309 2038 fertilissimam
1355 1996 1588 2048 reliquisse
1638 1997 1748 2037 veri-

198 2064 343 2104 simile
374 2076 464 2104 non
496 2067 576 2104 est.

283 2131 455 2184 Quibus
472 2130 700 2184 expositis,
729 2130 1070 2184 progrediamur
1085 2130 1142 2171 ad
1173 2142 1240 2183 ea,
1271 2141 1387 2183 quae
1403 2132 1582 2170 restant.
1613 2129 1746 2171 Anno

197 2197 280 2237 430
311 2197 537 2250 quandam
574 2197 821 2237 Gothorum
850 2209 1047 2249 manum,
1078 2197 1315 2250 Anaolpho
1348 2195 1560 2249 optimate
1590 2207 1744 2237 eorum

197 2268 342 2318 capto,
386 2263 506 2304 haud
536 2263 692 2317 procul
724 2263 780 2304 de
810 2263 991 2304 Arelate
1030 2263 1085 2305 ab
1116 2264 1246 2306 Aetio
1279 2262 1471 2304 deletam
1510 2274 1611 2303 esse
1640 2262 1745 2316 legi-

192 2420 485 2464 Burgundiones,
512 2420 734 2454 Alemannos
753 2421 875 2454 hostes
901 2421 1008 2453 etiam
1027 2421 1233 2454 Pannonios
1252 2420 1387 2454 Gallias
1414 2421 1584 2453 invasisse
1609 2418 1741 2452 scribit.

195 2477 294 2519 Quos
318 2476 440 2510 hostes
466 2476 671 2510 Pannonios
698 2476 836 2510 Gothos
863 2477 970 2510 fuisse
996 2478 1162 2521 conjicio.
1196 2497 1227 2500 —-
1257 2476 1312 2510 De
1328 2475 1500 2510 Geiserici
1525 2477 1559 2508 in
1586 2476 1743 2508 Africam

192 2534 343 2567 transitu
368 2533 411 2565 cf.
450 2531 538 2566 Idat.
564 2532 721 2566 chronic.
760 2533 805 2566 ad
830 2544 964 2566 annum
989 2532 1077 2576 4293
1114 2532 1276 2566 Cassiod.
1308 2533 1428 2567 Hierio
1460 2537 1496 2566 et
1520 2532 1745 2572 Ardaburi03

193 2591 344 2633 Procop.
371 2589 416 2622 de
441 2589 541 2623 bello
570 2589 721 2623 Vandal.
749 2591 777 2625 1.
805 2589 843 2623 C.
870 2590 977 2633 3—-53
1004 2590 1127 2623 Victor
1150 2589 1304 2623 Vitensis
1330 2590 1375 2623 de
1400 2592 1576 2633 persecut.
1594 2588 1744 2621 Vandal.

193 2647 218 2679 1.
244 2646 280 2680 C.
313 2646 341 2679 l.
371 2664 408 2669 -—
436 2646 619 2679 Possidius
646 2647 680 2678 in
714 2647 786 2680 vita
811 2646 859 2679 St.
888 2646 1098 2690 Augustum
1132 2647 1232 2680 Ruin.
1260 2646 1383 2680 chron.
1433 2645 1558 2678 Isidor.
1584 2645 1743 2678 chronic.

194 2703 413 2737 Gothorum.

267 2762 289 2803 ¹)
313 2760 356 2793 cs.
382 2759 612 2804 papencordt
635 2760 657 2793 l.
684 2772 702 2793 c
740 2771 772 2804 p.
798 2759 990 2795 38:³-2388

264 2818 291 2853 ²)
317 2816 492 2850 Jornand.
519 2815 605 2848 032
631 2816 746 2859 (Rex)
772 2817 1006 2859 „nobilitatus
1031 2827 1188 2861 namque
1215 2818 1307 2850 intra
1325 2816 1512 2861 Hispanias
1538 2814 1740 2847 incruen-

191 2875 325 2917 taque
349 2874 471 2907 victo
482 2874 547 2906 ria
572 2874 706 2916 potitus
731 2873 902 2907 Tolosam
928 2874 1157 2907 1·evertitur.“
