1924 3148
893 140 945 181 25

150 284 231 322 tas.
290 277 511 334 Quicquid
542 277 660 318 enim
692 276 816 317 dives
847 275 1023 326 Oriens,
1055 275 1263 330 quicquid
1293 274 1503 316 adoratus
1534 274 1691 326 Arabs,

152 346 362 402 quicquid
393 345 608 387 delicatus
637 344 863 397 Assyrius,
902 343 1021 398 quod
1052 343 1203 384 Africa
1238 343 1405 396 fertilis,
1444 341 1565 396 quod
1594 353 1692 395 spe-

150 415 275 456 ciosa
294 412 523 467 Hispania,
554 411 674 465 quod
704 412 828 453 fortis
847 411 991 462 Gallia
1021 413 1169 465 potest
1201 410 1368 451 habere
1397 410 1692 463 praeclarum,

150 482 211 522 ita
249 481 337 520 illic
376 480 541 520 affatim
572 479 799 531 exuberat,
838 479 965 531 quasi
1001 478 1062 518 ibi
1098 480 1338 518 nascantur
1376 477 1537 528 omnia,
1577 487 1693 530 quae

150 548 317 601 ubique
347 550 521 589 constat
550 558 650 587 esse
679 546 927 599 magnifica.

233 615 336 655 Jam
366 626 474 655 vero
497 613 710 654 decursus
741 612 964 665 Rhodani,
995 616 1038 653 et
1057 612 1228 654 'Turoni
1255 623 1476 664 recursus,
1507 622 1693 651 necesse

152 685 232 733 est,
264 685 311 722 ut
339 682 536 722 vicinum
565 681 730 721 faciant
758 693 810 720 ac
842 692 986 733 paene
1015 680 1339 721 conterminum
1369 679 1441 719 vel
1461 677 1582 731 quod
1610 678 1694 717 iste

148 748 434 801 praeterfluit,
479 748 548 788 vel
579 747 655 788 ille
686 746 807 800 quod
845 747 1010 788 circuit.
1071 745 1217 801 Quum
1248 758 1355 800 ergo
1402 745 1501 785 huic
1531 744 1696 785 serviat

152 815 330 867 civitati,
362 814 572 868 quicquid
586 814 720 854 habet
736 818 854 854 terra
868 815 1172 867 praecipuum,
1203 813 1259 853 ad
1276 814 1390 852 hanc
1409 813 1523 864 velo,
1554 823 1694 862 remo,

152 881 369 934 vehiculo,
415 885 546 934 terra,
592 881 724 934 mari,
769 881 948 921 flumine
985 880 1220 932 deferatur,
1266 878 1474 933 quicquid
1512 877 1695 932 singulis

152 949 367 989 nascitur:
400 948 627 1002 quomodo
659 961 750 989 non
780 948 965 988 multum
996 948 1079 988 sibi
1101 948 1272 988 Galliae
1302 951 1482 988 nostrae
1513 944 1714 999 praesti-'

155 1019 247 1056 tum
279 1015 474 1068 credant,
514 1028 614 1055 cum
652 1016 697 1055 in
729 1027 784 1055 ea
813 1015 988 1055 civitate
1017 1015 1343 1067 praecipiamus
1374 1025 1474 1054 esse
1504 1023 1695 1054 conven-

155 1086 261 1135 tum,
291 1082 337 1123 in
369 1094 458 1136 qua
488 1081 638 1124 divino
671 1081 866 1135 quodam
897 1093 1081 1122 munere
1111 1081 1473 1123 commoditatum
1505 1084 1548 1122 et
1577 1092 1696 1120 com·

152 1150 420 1190 merciorum
453 1149 760 1202 opportunitas
792 1151 915 1189 tanta
944 1149 1257 1201 praestatur?“

239 1215 310 1257 Ad
352 1228 485 1269 quam
530 1228 740 1269 magnam
785 1215 1040 1257 commercii
1085 1215 1459 1268 opportunitatem
1502 1215 1699 1254 maxima

155 1283 462 1335 opportunitas
502 1282 558 1321 ad
600 1281 907 1334 expeditiones
945 1280 1250 1334 suscipiendas
1291 1280 1543 1322 accedebat.
1602 1280 1698 1321 Hac

114 1352 116 1355 ’
156 1349 266 1390 urbe
297 1349 474 1402 amissa,
504 1349 721 1391 Romanis
739 1348 894 1389 deerat
921 1350 1006 1401 via,
1037 1361 1267 1402 perquam
1290 1348 1528 1402 dirigerent
1545 1348 1696 1401 copias

155 1417 201 1456 in
234 1416 421 1456 Galliam
462 1416 868 1470 septentrionalem.
927 1416 1041 1457 Nam
1080 1416 1192 1468 illa,>
1215 1428 1331 1469 quae
1368 1428 1423 1457 ex
1453 1416 1582 1457 ItaIIa
1618 1427 1698 1470 per

156 1484 466 1525 Arelatensem
498 1484 654 1524 urbem
684 1484 731 1523 in
760 1484 969 1537 regiones
999 1484 1367 1536 septentrionales
1387 1484 1559 1524 Galliae
1588 1485 1697 1524 sere-

158 1551 243 1603 bat,
281 1564 371 1592 non
411 1551 556 1592 solum
595 1550 958 1592 commodissima
995 1554 1101 1603 erat,
1152 1550 1231 1591 sed
1267 1552 1399 1591 etiam
1439 1551 1547 1591 sola.
1606 1550 1697 1592 Illis

156 1618 274 1658 enim
314 1618 409 1669 viis,
455 1629 570 1671 qnae
608 1618 811 1658 ferebant
853 1629 910 1657 ex
940 1617 1068 1657 Italia
1111 1629 1192 1670 per
1224 1617 1400 1671 Alpium
1433 1621 1608 1659 montes
1651 1618 1696 1659 in

157 1685 529 1738 Septentrionem,
560 1685 623 1725 uti
655 1697 745 1725 non
767 1688 988 1737 poterant,
1020 1685 1186 1738 quippe
1223 1696 1338 1738 quae
1368 1696 1395 1724 a
1423 1685 1697 1738 Burgundio-

161 1752 292 1791 nibus
324 1755 368 1792 et
396 1751 671 1792 Allemannis
703 1755 947 1804 occupatae
978 1754 1115 1806 erant.

240 1818 371 1859 Adde
401 1818 777 1871 propinquitatem
808 1819 955 1872 maris,
1011 1831 1037 1859 a
1067 1818 1190 1872 cujus
1221 1819 1428 1872 periculis
1458 1819 1562 1860 urbs
1607 1832 1699 1862 mo-

156 1884 255 1926 dico
295 1886 435 1938 spatio
477 1885 661 1926 defensa
691 1889 798 1938 erat,
843 1887 965 1939 quus
997 1885 1243 1927 commodis
1274 1890 1318 1927 et
1360 1886 1570 1927 fructibus
1607 1899 1699 1928 non

157 1952 349 1993 carebat.
942 1964 949 1969 ·
1041 1961 1043 1963 ·

244 2018 372 2073 Quae
403 2020 554 2060 omnia
570 2019 830 2072 efficiebant,
861 2023 921 2073 ut,
951 2020 1025 2073 qui
1041 2019 1265 2060 Arelatem
1289 2023 1550 2073 occupatam
1581 2024 1700 2061 tene-

157 2087 245 2135 bat,
279 2086 467 2128 Galliam
491 2086 753 2129 dominaret.
803 2086 1108 2128 Theodoricus
1128 2087 1260 2141 igitur
1282 2087 1339 2128 ad
1359 2100 1533 2128 summa
1552 2100 1701 2128 rerum

159 2154 382 2206 aspirasse
411 2153 597 2199 videtur,
630 2154 732 2194 dum
756 2154 1137 2207 propugnaculum
1169 2153 1285 2194 istud
1305 2154 1498 2195 Romani
1527 2155 1702 2208 imperii

157 2220 202 2261 in
235 2220 380 2262 Gallia
410 2223 649 2275 oppugnat.

246 2287 373 2341 Quae
405 2300 539 2340 quum
570 2289 631 2328 ita
661 2291 822 2338 essent,
853 2288 1105 2341 praevideri
1135 2292 1320 2341 poterat,
1351 2289 1581 2329 Romanos
1611 2301 1702 2330 non

161 2354 334 2407 quietos
366 2353 617 2407 adstituros,
664 2355 995 2408 maximamque
1025 2355 1179 2396 urbem
1225 2356 1270 2395 in
1304 2356 1550 2396 Gothorum
1580 2360 1702 2409 pote-

161 2424 319 2461 statem
358 2421 512 2461 venire
550 2434 763 2475 passuros
804 2434 915 2463 esse.
974 2423 1030 2463 Et
1059 2434 1217 2463 revera
1245 2423 1379 2476 paulo
1411 2427 1525 2476 post,
1571 2436 1701 2477 quam

160 2486 216 2527 de
247 2487 438 2528 motibus
467 2488 512 2527 in
546 2489 691 2529 Gallia
720 2490 932 2530 certiores
962 2490 1063 2530 facti
1095 2493 1208 2542 sunt,
1239 2490 1416 2530 Aetium
1448 2502 1546 2531 cum
1580 2502 1702 2531 exer·

160 2555 247 2596 citu
291 2556 336 2595 in
370 2555 560 2597 Galliam
601 2557 835 2606 miserunt3
882 2570 971 2612 qua
1010 2558 1126 2599 Aetii
1164 2558 1382 2599 electione
1419 2559 1702 2612 perspicuum

161 2623 395 2676 faciebant,
443 2625 595 2676 quanti
625 2625 842 2665 haberent
886 2625 1008 2665 urbis
1041 2625 1312 2665 Arelatensis
1357 2627 1703 2680 possessionem.

161 2690 317 2731 Aetius
348 2690 480 2744 enim,
510 2692 578 2732 vir
608 2695 827 2746 strenuus,
859 2692 1068 2746 prudens,
1101 2693 1206 2734 belli
1236 2694 1527 2746 peritissimus
1559 2705 1705 2746 neque

161 2758 307 2798 minus
337 2758 523 2811 insignis
555 2763 648 2800 arte
679 2760 998 2801 reconciliandi
1029 2760 1173 2801 verbis
1206 2772 1299 2811 eos,
1338 2772 1450 2813 quos
1482 2761 1614 2800 armis
1645 2761 1703 2799 vi-

163 2829 296 2877 cerat,
328 2825 449 2874 solus
465 2826 732 2867 Theodorici
754 2829 870 2880 regis
887 2828 1066 2881 ingenio
1097 2839 1179 2880 par
1195 2832 1301 2867 erat.
1348 2828 1483 2880 Cujus
1514 2827 1705 2867 adventu

165 2891 452 2933 obsessorum
475 2896 517 2934 et
539 2893 837 2934 obsidentium
856 2893 1050 2935 conditio
1082 2897 1250 2935 mutata
1270 2898 1348 2935 est.
1410 2895 1583 2934 Aetium
1606 2906 1704 2933 cum
