1924 3148
870 811 963 862 Gap.
994 811 1027 850 Ι.

239 914 306 964 De
348 915 475 977 regni
519 913 696 965 Gothici
739 915 930 965 circuitu
971 916 1227 978 naturaque
1270 916 1314 964 et
1358 913 1412 964 de
1455 926 1668 976 agrorum

840 993 1071 1045 divisione.

267 1134 512 1188 wisigothi,
543 1137 779 1188 postquam
810 1135 1016 1177 Athaulfo
1049 1137 1093 1175 et
1107 1134 1253 1175 Walia
1282 1133 1467 1175 ducibus
1503 1133 1548 1174 in
1580 1132 1726 1174 Gallia

179 1205 223 1242 et
237 1202 467 1255 Hispania,
497 1202 802 1242 illustrissimis
832 1190 1027 1243 victoriis
1056 1202 1303 1254 reportatis,
1329 1201 1448 1241 bella
1470 1201 1617 1241 civilia
1631 1200 1723 1240 fini-

179 1271 338 1309 verunt
367 1271 411 1309 et
437 1269 503 1309 rei
537 1268 742 1322 publicae
777 1269 1014 1311 effrenatos
1050 1269 1199 1311 hostes
1229 1269 1509 1322 puniverunt,
1554 1267 1610 1308 ab
1645 1268 1722 1308 im-

178 1339 386 1387 peratore
414 1336 616 1375 Honorio
649 1346 706 1375 ex
735 1336 952 1388 Hispania
980 1336 1025 1375 in
1056 1335 1244 1376 Galliam
1277 1335 1473 1386 revocati
1504 1338 1616 1382 sunt,
1648 1334 1723 1373 ubi

179 1401 328 1442 firmas
360 1401 490 1442 sedes
524 1405 805 1454 occuparent.

262 1468 475 1508 Naturam
505 1469 713 1521 regionis,
747 1480 880 1521 quam
911 1468 1094 1521 quilibet
1122 1469 1314 1521 populus
1342 1468 1507 1519 incolit,
1536 1467 1722 1508 multum

178 1533 344 1585 valere,
375 1547 466 1577 non
487 1535 631 1577 solum
665 1534 722 1576 ad
753 1534 1027 1577 excolendos
1057 1548 1206 1576 mores
1228 1539 1272 1576 et
1289 1536 1470 1589 ingenia
1489 1534 1724 1576 formanda

178 1600 259 1641 sed
289 1601 421 1641 etiam
460 1601 517 1641 ad
548 1601 875 1655 comparandos
906 1602 1140 1654 exercitus,
1180 1601 1234 1642 ad
1275 1600 1580 1643 defendendos
1610 1601 1721 1641 fines

178 1670 334 1708 contra
358 1668 614 1710 invasiones
644 1669 850 1720 hostium,
882 1669 939 1709 ad
967 1670 1158 1722 impetus
1188 1668 1416 1710 faciendos
1446 1669 1492 1708 in
1521 1669 1721 1721 ipsorum

175 1734 368 1776 hostium
399 1738 551 1783 terras,
583 1735 639 1776 ad
671 1747 826 1776 omnes
858 1734 1049 1789 denique
1078 1747 1164 1788 res,
1205 1747 1320 1789 quae
1355 1736 1441 1776 illis
1479 1743 1581 1776 sunt
1619 1746 1721 1776 cum

178 1801 373 1841 finitimis
402 1803 594 1855 populis,
626 1803 722 1854 quis
754 1805 832 1854 est,
865 1803 939 1854 qui
970 1801 1166 1842 dubitet?
1210 1802 1337 1855 Quae
1368 1815 1503 1854 quum
1531 1803 1594 1842 ita
1621 1802 1721 1852 sint,

179 1870 417 1922 antequam
447 1867 732 1922 procedimus
763 1867 818 1909 ad
850 1867 1122 1909 enarrandas
1146 1880 1218 1909 res
1239 1871 1400 1922 gestas,
1430 1868 1721 1922 respiciamus

178 1947 331 1975 earum
361 1936 608 1989 regionum,
639 1948 755 1990 quae
787 1936 942 1977 Gothis
973 1935 1159 1976 traditae
1187 1939 1301 1986 sunt,
1332 1936 1560 1976 circuitum
1583 1940 1627 1976 et
1646 1947 1720 1976 na-

177 2004 333 2044 turam.

264 2069 396 2122 Quod
434 2071 625 2123 pertinet
660 2071 717 2111 ad
755 2072 860 2112 novi
897 2072 1025 2124 regni
1065 2072 1308 2123 circuitum,
1344 2069 1559 2121 Idatius')
1591 2069 1722 2109 tradit

176 2135 375 2189 „Gothos
415 2137 643 2192 accepisse
680 2137 809 2179 sedes
845 2138 892 2178 in
923 2137 1162 2192 Aquitania
1200 2141 1243 2179 et
1278 2138 1446 2180 Tolosa
1483 2149 1625 2191 usque
1663 2136 1720 2177 ad

179 2201 452 2257 Oceanum‚“
485 2205 604 2258 quod
636 2209 680 2246 et
707 2205 926 2258 Sulpicius
958 2204 1215 2256 Severus.?²)
1273 2205 1410 2246 Addit
1438 2208 1586 2245 autem
1614 2205 1719 2244 Pro-

179 2282 284 2324 sper
327 2270 668 2325 Aquitanicus³)
715 2272 890 2326 „datam
936 2273 1000 2314 eis
1046 2272 1102 2313 ad
1147 2272 1432 2314 habitandum
1477 2270 1718 2313 secundam

175 2343 276 2378 cum
307 2338 572 2390 quibusdam
594 2340 840 2380 civitatibus
866 2340 1106 2380 confinium
1123 2340 1452 2392 provinciarum
1466 2339 1503 2391 ;“
1537 2338 1716 2391 Aquita-

174 2409 294 2444 niam
315 2403 434 2446 idem
457 2406 617 2448 iisdem
647 2407 739 2448 fere
769 2406 917 2447 verbis
945 2406 1081 2447 refert
1108 2405 1305 2448 Isidorus
1333 2403 1671 2459 Hispalensis.⁴)

256 2549 286 2591 ¹)
312 2549 447 2583 Idatius
473 2550 596 2584 chron.
622 2552 717 2595 apud
744 2552 791 2585 du
816 2551 959 2586 Chesne
984 2551 1200 2594 (Scriptores
1225 2551 1393 2584 historiae
1420 2550 1637 2584 Francorum
1662 2561 1719 2582 co—

175 2606 332 2644 actanei)
359 2604 461 2639 Tom.
488 2606 513 2639 1.

243 2662 277 2704 ⁴²)
302 2661 448 2705 Esparia
471 2663 628 2707 sagrada
653 2663 758 2698 Tom.
784 2664 844 2698 IV.
870 2675 904 2708 p.
928 2663 1005 2698 452.

249 2719 283 2760 ³)
309 2718 464 2761 Prosper
486 2718 608 2762 Aquit.
633 2720 756 2755 chron.
781 2721 941 2755 Honorio
964 2720 1055 2755 xm
1082 2724 1118 2753 et
1141 2720 1349 2754 Theodosio
1367 2720 1408 2753 X
1436 2720 1500 2762 (ad
1525 2730 1606 2753 ann.
1620 2719 1717 2762 419.)

247 2774 284 2818 ⁴)
309 2774 390 2809 Isid.
415 2773 513 2819 Hisp.
539 2775 661 2812 chron.
688 2776 891 2812 Gothorum
914 2779 952 2812 in
975 2776 1147 2822 Hispania
1169 2777 1345 2812 illustrata
1369 2777 1547 2812 Tom.111.
1575 2797 1615 2802 -
1642 2778 1719 2810 Phi-

174 2833 367 2876 lostorgius
399 2832 496 2875 apud
525 2832 694 2876 Bouquet.
724 2834 829 2870 Tom.
854 2835 880 2868 Ι.
911 2845 945 2878 p.
971 2834 1034 2869 601
1077 2835 1201 2868 scribit
1230 2836 1374 2868 incertis
1406 2834 1525 2867 verbis
1556 2833 1718 2877 „Gothos

173 2887 355 2932 quandam
382 2887 521 2922 Galliae
545 2892 684 2932 partem
710 2890 757 2924 ad
781 2901 890 2936 agros
916 2890 1137 2926 excolendos
1163 2892 1380 2935 accepisse.“

1407 2952 1452 2984 l*
