1924 3148
952 85 1006 128 26

199 223 482 265 Theodorico
514 233 741 275 pugnasse
770 234 990 276 nusquam
1023 226 1248 271 narratur,
1292 222 1337 263 id
1368 223 1512 264 solum
1545 223 1752 265 traditum

201 291 313 343 est')
346 289 517 331 Gothos
547 288 809 330 imminente
840 288 971 330 Aetio
1004 301 1095 331 non
1125 289 1367 345 impunitos
1397 289 1667 331 abscessisse
1698 290 1754 332 ab

201 358 322 400 urbe.
382 358 594 398 Fortasse
624 356 933 398 Theodoricus
965 357 1021 398 de
1052 357 1169 399 Aetii
1199 358 1392 400 adventu
1422 357 1585 399 certior
1613 357 1753 398 factus

201 428 245 466 et
274 423 331 466 de
346 423 458 465 urbe
488 423 790 478 expugnanda
811 423 1071 478 desperanS,
1103 426 1258 467 castris
1288 427 1420 469 motis
1450 442 1551 474 sese
1571 429 1753 480 recepit,

197 492 244 532 in
276 503 365 545 quo
382 494 567 544 receptu
597 495 674 532 aut
702 491 758 531 ab
777 491 1013 545 oppidanis
1044 494 1428 547 prosequentibus,
1460 502 1536 539 aut
1565 498 1620 539 ab
1638 495 1756 538 Astii

198 558 410 600 militibus
439 558 621 600 invasus
666 570 767 600 esse
798 558 982 600 videtur.
1044 558 1145 614 Quo
1184 561 1356 614 proelio
1388 564 1425 604 si
1469 566 1644 620 fugatus
1674 568 1752 617 est,

199 630 321 667 certe
363 626 491 667 brevi
535 629 740 679 tempore
783 627 971 668 Martem
1020 627 1345 678 reconciliavit3
1389 631 1577 685 legimus
1617 631 1750 684 enim,

198 705 358 747 pacem
390 693 649 735 conclusam
681 705 782 734 esse
811 694 928 734 inter
955 694 1188 736 Romanos
1219 699 1262 736 et
1293 696 1477 750 Gothos,
1507 699 1753 741 secundum
1782 736 1784 743 ,

199 762 325 814 cujus
356 759 636 802 conditiones
667 772 694 801 a
714 761 932 802 Romanis
964 760 1143 802 obsides
1176 774 1232 802 ex
1263 764 1548 807 nobilissimis
1578 766 1754 807 familiis

201 828 376 869 Galliae
416 827 505 868 dati
546 827 701 877 sunt2)‚
749 828 865 868 inter
894 840 1007 882 quos
1037 828 1317 883 Theodorus,
1361 833 1638 888 propinquus
1675 833 1753 874 im—

199 895 418 949 peratoris
450 899 494 936 et
531 895 731 949 episcopi
762 896 892 936 Aviti.
954 895 1056 949 Qua
1092 908 1204 949 pace
1235 897 1503 940 Theodorici
1533 913 1633 941 cum
1665 902 1752 942 Ro-

200 963 346 1004 manis
377 962 571 1003 amicitia
591 962 766 1003 firmata
797 966 875 1016 est,
908 974 1055 1016 neque
1087 957 1324 1005 recusavit
1339 977 1418 1006 rex
1451 969 1605 1020 copias
1635 979 1753 1021 suaS,

201 1042 337 1084 quum
370 1029 564 1070 Romani
594 1029 754 1070 iterum
786 1029 951 1070 bellum
984 1034 1140 1071 contra
1160 1030 1388 1074 Vandalos
1419 1034 1752 1089 suscipiendum

200 1110 302 1138 esse
334 1094 687 1138 admonerent.³=

285 1165 486 1220 Quorum
517 1176 597 1206 rex
631 1163 911 1206 Gundericus
942 1168 1044 1219 post
1074 1165 1305 1208 victoriam
1337 1167 1394 1209 de
1423 1169 1640 1212 Romanis
1670 1169 1752 1213 Ca-

199 1235 314 1275 stino
347 1233 460 1274 duce
490 1236 778 1286 reportatam,
824 1234 948 1285 cujus
993 1245 1130 1286 supra
1174 1235 1445 1276 mentionem
1480 1238 1576 1291 feci,
1622 1242 1753 1291 portu

199 1300 256 1341 ad
286 1312 411 1351 mare
433 1299 807 1341 mediterraneum
839 1300 922 1341 sito
944 1300 1121 1353 potitus,
1155 1300 1378 1343 anno-425
1408 1303 1576 1345 insulas
1596 1305 1752 1346 Balea-

198 1368 328 1420 ricas,
360 1371 463 1408 aute
493 1367 579 1408 hoc
610 1370 784 1420 teinpus
815 1378 842 1406 a
872 1366 1353 1421 barbaris-inviolatas,
1385 1368 1629 1423 adpulerat.

285 1434 386 1489 Qua
416 1434 703 1488 expeditione
732 1434 917 1475 feliciter
946 1435 1081 1487 finita,
1113 1436 1318 1477 maximis
1348 1437 1593 1491 Hispaniae
1622 1439 1750 1479 meri-

200 1502 390 1544 dionalis
437 1502 618 1542 urbibus
649 1513 739 1542 non
771 1505 1048 1555 pepercerat.
1108 1501 1435 1557 Carthaginem,
1467 1505 1752 1559 Sparteriam,

198 1570 417 1625 Hispalim
441 1573 683 1624 oppugnat,
715 1573 955 1623 expugnat,
972 1573 1251 1624 expugnatas
1269 1569 1398 1612 delet.
1441 1572 1555 1613 Tum
1574 1573 1753 1626 provin-

199 1639 278 1679 ciis
308 1637 527 1679 Romanis
557 1636 797 1677 crudeliter
826 1637 1022 1690 vastatis,
1052 1637 1165 1677 mari
1201 1638 1406 1692 trajecto,
1449 1639 1751 1681 Mauritariam

199 1705 380 1747 invadit.
441 1704 610 1747 Contra
647 1704 764 1744 hunc
796 1716 948 1756 regem
979 1704 1208 1757 victorem,
1250 1705 1375 1758 cujus
1414 1706 1557 1759 gloria
1588 1707 1752 1748 Gotho-

198 1787 298 1814 rum
330 1772 516 1827 gloriam
550 1774 795 1826 aequatura
825 1774 964 1824 esset,
1007 1771 1315 1813 Theodericus
1346 1774 1588 1814 exercitum
1629 1774 1754 1816 duxit

200 1853 319 1882 anno
336 1838 432 1880 4‘27.
492 1839 633 1892 Hujus
655 1839 786 1892 primi
816 1839 921 1878 anni
952 1842 1138 1879 eventus
1159 1840 1285 1892 parvi
1306 1840 1493 1887 fuerunt,
1526 1841 1611 1881 nisi
1633 1841 1753 1895 quod

198 1907 394 1960 Hispalis
426 1910 556 1960 capta
586 1904 708 1956 est⁴).
768 1905 900 1947 Anno
918 1904 1014 1959 428,
1047 1918 1182 1959 quum
1213 1906 1380 1948 bellum
1403 1908 1750 1961 continuaretur,

273 2065 302 2108 ¹)
328 2056 586 2109 ProspsAquit.
599 2063 656 2097 ad.
671 2074 755 2098 ann.
767 2062 851 2097 425:
878 2063 1042 2107 „A1·elas,
1055 2064 1182 2098 nobile
1196 2063 1369 2108 oppidum
1381 2062 1580 2098 Galliorum
1594 2064 1753 2100 aGothis

199 2123 312 2156 multa
336 2123 369 2154 vi
395 2126 644 2165 oppugnatum
670 2125 734 2162 est,
773 2121 889 2154 donec
914 2121 1125 2154 imminente
1150 2121 1258 2154 Aetio
1285 2132 1357 2154 non
1381 2122 1547 2164 impuniti
1581 2121 1751 2155 abscede-

198 2180 316 2212 runt.“
364 2178 488 2222 Prosp.
514 2177 599 2212 Tiro
625 2176 671 2211 ad
695 2188 751 2211 an.
777 2176 863 2211 426:
886 2176 1038 2221 „Arelas
1064 2187 1086 2210 a
1111 2176 1237 2212 Gothis
1262 2188 1328 2222 per
1352 2176 1496 2211 Aetium
1522 2178 1728 2212 liberatur.“

272 2236 304 2276 ²)
330 2235 401 2269 Sid.
431 2235 549 2278 Apoll.
575 2236 610 2267 in
637 2236 860 2278 panegyrico
888 2235 982 2267 Aviti
1007 2246 1039 2267 v.
1065 2234 1134 2268 ⁶213
1158 2245 1233 2278 seq.

603 2290 745 2334 „Variis
770 2292 913 2324 incussa
936 2290 1105 2334 procellis

468 2348 655 2383 Bellorum
679 2349 759 2393 regi
784 2347 938 2382 Gothico
963 2351 1024 2381 tua
1050 2347 1168 2382 Gallia
1193 2348 1289 2392 pacis

468 2406 626 2449 Pignora
644 2406 747 2448 jussa
771 2404 858 2437 dare
884 2408 954 2438 est:
980 2404 1072 2438 inter
1097 2414 1189 2448 quae
1214 2404 1345 2438 nobilis
1371 2405 1479 2439 obses

469 2462 534 2506 Tu,
560 2461 766 2505 Theodora,
792 2462 904 2506 venis,
930 2471 1041 2505 quem
1068 2472 1134 2505 pro
1159 2463 1292 2505 pietate
1316 2463 1508 2506 propinqui

469 2520 619 2564 Expetis
643 2522 678 2553 in
705 2519 827 2553 media
851 2520 964 2563 pelliti
990 2521 1160 2563 prineip³s
1187 2519 1270 2552 aula

469 2577 592 2619 Tutus,
618 2577 735 2619 Avite,
761 2576 867 2611 fide.“

270 2634 296 2677 ³)
320 2632 525 2667 Cassiodor.
560 2633 717 2666 chronic.
749 2633 871 2666 Hierio
899 2637 935 2666 et
966 2632 1171 2666 Ardaburio
1197 2631 1314 2674 <427):
1351 2631 1473 2674 „Gens
1505 2631 1750 2664 vandalorum

196 2702 218 2724 a
243 2689 370 2725 Gothis
396 2690 544 2723 exclusa
567 2689 614 2723 sd
638 2689 798 2723 Africam
823 2690 982 2723 transit.“
1008 2709 1050 2714 -
1074 2688 1248 2724 Jornand.
1276 2687 1321 2721 de
1345 2688 1421 2722 reb.
1447 2687 1526 2722 Get.
1552 2698 1580 2721 c.
1607 2686 1662 2720 33.

270 2747 299 2789 ⁴)
323 2746 458 2780 idatius
490 2747 535 2780 ad
561 2758 644 2781 ann.
669 2746 738 2781 426
762 2746 984 2795 Hispalim‘a
1016 2745 1222 2780 Gunderico
1260 2749 1401 2789 captam
1440 2755 1518 2779 esse
1555 2749 1750 2786 memorat3

195 2815 291 2839 anno
317 2802 384 2839 428
410 2804 584 2849 Hispalim
608 2805 739 2838 iterum
765 2807 906 2848 captam
933 2813 1012 2837 esse
1038 2802 1213 2846 contedis,
1247 2812 1359 2846 quare
1385 2814 1406 2836 a
1431 2801 1558 2836 Gothis
1584 2811 1663 2835 eam
1690 2812 1751 2835 ex-

196 2864 393 2906 pugnatam
420 2871 499 2895 esse
524 2872 619 2896 anno
645 2860 711 2895 427
738 2860 882 2906 colligo.
