1924 3148
923 111 977 152 30

262 244 348 285 Sed
378 244 616 286 redeamus
648 245 704 286 ad
734 246 978 300 proposita.

259 311 513 351 Bonifacius
530 312 673 365 igitur,
705 308 741 353 si
772 313 817 352 in
847 313 1020 353 Italiam
1037 313 1221 366 veniret,
1252 316 1468 367 metuens,
1498 326 1555 354 ne
1586 314 1720 355 hono·

173 388 246 418 res
277 378 510 432 amitteret,
540 379 798 421 rebellionis
820 379 1052 421 consilium
1085 380 1223 434 cepit,
1253 384 1295 421 et
1326 393 1415 434 quo
1445 381 1615 422 facilius
1645 381 1723 422 im-

173 445 370 497 perat-ori
415 458 497 488 suo
543 440 783 500 resisteret,
827 446 1057 489 Vandalos
1106 459 1162 488 ex
1191 447 1410 501 Hispania
1452 448 1496 488 in
1527 447 1722 488 Africam

175 511 346 553 accivit.
425 512 627 567 Quorum
673 514 840 555 auxilio
885 513 1059 568 adjutus
1104 526 1321 568 prospere
1364 514 1530 556 bellum
1575 514 1722 569 gessit.

258 578 467 620 Attamen
507 583 628 622 certo
669 593 776 622 mox
807 581 1095 636 intelligebat,
1135 582 1409 623 Geisericum
1448 594 1599 636 regem
1638 593 1720 622 suo

173 646 322 698 potius
353 646 535 688 arbitrio
576 650 619 687 et
648 660 730 700 pro
763 648 854 688 suis
886 648 1148 701 commodis,
1189 661 1322 701 quam
1352 661 1435 702 pro
1474 649 1613 702 ipsius
1643 649 1722 688 im·

172 712 298 766 perio
344 716 643 767 pugnaturum
683 725 804 768 esse3
849 726 997 769 neque
1028 715 1112 757 sibi
1157 718 1419 757 eventurum
1465 714 1723 757 rebellionis

173 781 376 833 fructum,
407 780 486 821 sed
517 781 724 822 barbaro.
1445 795 1449 798 ’

259 841 410 901 Quare
448 849 608 888 factum
651 844 730 901 est,
768 852 829 902 ut,
866 848 1091 890 Placidiae
1129 849 1357 903 Augustae
1396 849 1723 891 conditionibus

173 915 368 968 acceptis
406 915 453 955 in
490 915 790 956 obedientiam
821 916 998 957 rediret.
1060 916 1187 970 Quae
1224 917 1528 958 reconciliatio
1569 917 1725 957 effecta

173 988 251 1032 est,
281 982 680 1025 intervenientibus
696 983 833 1025 Dario
856 984 1032 1037 comite,
1062 983 1286 1025 Placidiae
1315 983 1477 1038 legato,
1509 988 1552 1024 et
1575 983 1717 1038 Augu-

173 1049 289 1091 stino
321 1050 551 1104 episcopo,
583 1045 658 1104 qui
688 1063 853 1105 magna
897 1052 1192 1093 familiaritate
1232 1064 1331 1093 cum
1362 1051 1591 1093 Bonifacio
1631 1053 1721 1091 ute-

171 1117 314 1158 batur.

257 1183 386 1239 Quae
430 1197 565 1238 quum
596 1185 658 1226 ita
702 1190 865 1240 essent,
910 1187 1179 1241 Bonifacius,
1227 1191 1274 1228 ut
1301 1185 1544 1237 Vandalos,
1586 1184 1721 1226 modo

172 1251 316 1293 socios
332 1252 590 1293 rebellionis
621 1255 665 1293 et
680 1253 875 1293 criminis
907 1257 1154 1307 consorteS,
1189 1266 1245 1295 ex
1262 1254 1413 1295 Africa
1441 1264 1491 1294 re
1507 1254 1721 1301 moveret,

172 1319 434 1372 enitebatur,
452 1319 531 1360 sed
547 1320 719 1361 frustra.
740 1320 898 1374 Itaque
912 1320 1079 1361 bellum
1097 1325 1253 1362 contra
1271 1320 1544 1362 Geisericum
1567 1330 1722 1373 gerere

172 1387 332 1439 coepit.
392 1385 481 1427 Sed
497 1389 544 1426 ut
572 1387 803 1440 pactiones
819 1387 882 1426 nil
911 1387 1121 1428 valebant
1150 1387 1364 1428 adversus
1383 1386 1598 1428 Geiserici
1627 1397 1722 1426 ver-

171 1456 318 1494 sutum
348 1453 590 1506 ingenium,
621 1453 683 1494 ita
714 1454 845 1494 etiam
887 1455 1045 1506 peritia
1074 1445 1179 1495 belli
1210 1454 1267 1495 ad
1298 1453 1614 1507 expellendum
1645 1450 1720 1493 ho'-

172 1524 282 1561 stem
314 1532 407 1560 non
430 1519 690 1561 sufficiebat.
749 1521 1004 1562 Bonifacius
1037 1521 1210 1575 proelio
1243 1521 1441 1562 devictus
1471 1520 1588 1561 intra
1615 1519 1722 1573 Hip-

172 1587 303 1641 ponis
333 1587 445 1641 regii
459 1587 642 1628 moenia
672 1599 772 1628 sese
802 1588 1004 1642 recipere
1021 1591 1201 1629 coactus
1233 1591 1319 1642 est3
1348 1588 1426 1628 ubi
1443 1587 1721 1630 obsidionem

172 1654 511 1710 quatuordecim
540 1655 761 1696 mensium
778 1667 1019 1709 perpessus
1049 1655 1209 1697 iterum
1242 1668 1341 1697 cum
1362 1655 1563 1697 barbaris
1593 1667 1722 1709 proe-

173 1724 233 1764 lio
281 1722 494 1763 dimicare
547 1726 733 1764 conatus
772 1726 850 1775 est,
897 1735 1032 1776 quum
1079 1723 1245 1763 auxilia
1294 1724 1540 1776 accepisset
1578 1723 1724 1763 Roma

172 1794 217 1832 et
245 1789 635 1843 Constantinopoli
665 1791 814 1831 missa.

253 1859 418 1899 Iterum
450 1859 626 1911 fugatus
647 1859 918 1912 Hipponem,
950 1860 1074 1912 cujus
1106 1871 1215 1912 opes
1239 1859 1332 1912 jam
1356 1858 1528 1899 attritae
1559 1860 1720 1909 essent,

172 1926 454 1979 praepotenti
485 1926 600 1967 hosti
632 1926 776 1966 cessit.

255 1993 360 2033 Mox
401 1992 568 2033 auxilia
605 2005 660 2033 ex
700 1991 885 2034 Oriente
932 1993 1069 2033 miSsa
1108 1991 1543 2044 Constantinopolim
1591 2003 1718 2032 revo-

171 2063 271 2100 cata
300 2064 422 2112 sunt,
465 2071 614 2113 neque
658 2060 912 2101 Bonifacius
958 2059 1119 2100 diutius
1163 2060 1209 2099 in
1253 2059 1405 2099 Africa
1448 2058 1720 2111 remanebat,

172 2139 306 2180 quum
340 2138 367 2167 a
397 2126 595 2167 Placidia
637 2127 680 2167 in
714 2126 883 2167 ltaliam
922 2127 1086 2168 reverti
1126 2127 1370 2180 juberetur.
1430 2126 1544 2167 Tota
1588 2125 1721 2179 igitur

171 2194 322 2235 Africa
365 2193 671 2236 Vandalorum
708 2195 1071 2248 populationibus
1109 2198 1153 2235 et
1189 2192 1438 2234 crudelitati
1483 2192 1717 2248 patebat.¹)

254 2262 378 2303 Haec
410 2261 516 2302 dum
547 2265 760 2315 geruntur
788 2262 834 2302 in
866 2262 1028 2314 Africa,
1058 2262 1234 2303 Romae
1271 2273 1344 2301 res
1378 2263 1572 2301 mutatae
1602 2263 1715 2300 sunt.

170 2330 257 2371 Ubi
285 2330 504 2370 Bonifacii
533 2329 715 2371 factioni
745 2330 1003 2383 contigerat,
1042 2332 1090 2369 ut
1122 2328 1348 2383 Augustae
1378 2326 1718 2381 persuaderent,

169 2396 294 2437 illum
323 2396 608 2438 innocentem
640 2408 741 2437 esse
771 2396 1003 2439 seditionis
1034 2396 1274 2437 Africanae
1306 2395 1490 2449 ejusque
1534 2395 1720 2436 tristium

170 2467 423 2506 eventuum.
483 2464 641 2517 Neque
684 2464 831 2505 minus
877 2465 1169 2517 enitebantur,
1215 2464 1277 2503 uti
1306 2463 1562 2516 probarent,
1603 2462 1720 2510 Aetii

170 2532 428 2585 potentiam,
475 2531 571 2584 (qui
600 2531 773 2572 interea
803 2531 859 2572 ad
891 2531 1148 2585 dignitatem
1195 2530 1319 2571 ducis
1349 2531 1579 2583 utriusque
1609 2529 1718 2569 mili-

171 2597 299 2649 tiae2)
331 2601 511 2639 evectus
533 2598 775 2639 exercitum
795 2599 961 2652 optime
993 2602 1208 2639 armatum
1233 2597 1447 2651 ducisque
1470 2596 1595 2638 nutui
1617 2596 1720 2637 obe-

244 2699 270 2744 ¹)
296 2700 339 2733 cf.
364 2699 519 2743 Procop.
545 2698 591 2733 de
615 2699 715 2733 bello
743 2699 942 2734 Vandalico
969 2700 1029 2734 lib.
1057 2700 1086 2733 1.
1113 2698 1151 2733 C.
1178 2699 1353 2743 3.seq.-
1372 2699 1515 2732 Wurm:
1541 2697 1611 2741 „de
1625 2697 1720 2731 Aetli

173 2757 280 2791 rebus
306 2757 439 2801 gestis“
477 2756 615 2791 dissert.
640 2758 761 2802 inaug.
790 2757 941 2792 Bonnae
981 2757 1079 2793 1844.
1105 2768 1186 2802 pag.
1212 2756 1258 2791 35
1288 2761 1323 2790 et
1357 2766 1434 2799 seq.
1490 2754 1721 2799 Popencordt

168 2815 191 2849 l.
217 2826 247 2848 c.
272 2825 305 2859 p.
334 2813 378 2847 65
403 2824 455 2858 sq.

239 2871 266 2915 ²)
291 2871 380 2905 ldat.
406 2870 462 2905 ad.
488 2881 623 2904 annum
647 2870 726 2906 430.
