1924 3148
946 116 970 157 7

270 252 379 307 Quis
409 254 540 308 igitur
571 252 752 305 dubitet,
795 252 1115 306 rempublicam
1146 251 1494 305 Wisigothorum
1524 251 1643 292 haud
1671 251 1731 291 le·

181 319 310 360 vibus
341 320 668 362 conditionibus
689 319 898 372 caruisse,
930 322 977 359 ut
995 319 1123 359 firma
1150 319 1297 359 esset?
1333 319 1370 358 Ε
1391 321 1561 371 contra,
1593 330 1730 370 quum

184 397 339 427 eorum
368 399 557 441 regnum
593 398 683 427 non
725 389 1023 439 opportunum
1064 389 1193 436 esset,
1232 396 1381 438 neque
1419 384 1476 425 ad
1514 385 1729 438 impetum

184 452 430 500 ferendum,
468 465 617 507 neque
654 452 711 494 ad
747 452 1069 507 repellendum,
1117 451 1359 493 timendum
1400 455 1506 505 erat,
1560 464 1630 504 ne,
1684 454 1732 491 ut

182 519 350 561 Alarici
375 521 533 561 milites
559 520 729 561 Italiam
755 520 1009 574 relinquere
1033 520 1176 574 coacti
1199 520 1396 572 fuissent,
1435 520 1520 561 hoc
1551 531 1730 573 quoque

181 586 390 639 paradiso
422 587 631 639 terrestri,
671 591 717 627 ut
746 587 972 640 scriptoris
1002 587 1117 626 illius
1149 586 1297 627 clerici
1325 586 1473 626 verbis
1504 589 1616 637 utar,
1656 597 1730 626 ex-

182 653 466 705 pellerentur.
527 654 582 694 Et
610 652 961 706 praevidendum
992 656 1100 705 erat,
1130 653 1437 693 Romanorum
1463 646 1599 693 duces
1621 665 1730 692 nun-

182 731 316 772 quam
348 719 628 777 deposituros
660 731 760 761 esse
791 719 1025 761 consilium
1054 718 1461 772 recuperandarum
1494 712 1725 770 terrarum,

130 830 137 838 ,
181 798 367 839 quarum
397 787 574 827 incolae
606 790 650 827 et
679 786 895 840 religione
925 789 970 827 et
998 786 1196 828 moribus
1228 789 1271 827 et
1309 786 1462 838 lingua
1500 785 1726 839 praedica·

182 853 302 904 bant,
333 865 433 894 sese
465 853 768 895 Romanorum
799 853 988 907 imperio
1019 852 1219 911 subditos
1251 853 1418 894 fuisse.''

267 919 356 961 Sed
395 933 662 974 quamquam
703 932 867 974 magna
902 919 1222 973 impedimenta
1259 923 1302 961 et
1338 920 1536 973 pericula
1583 920 1727 961 obsta-

181 986 300 1040 bantg
342 987 648 1030 Theodoricus
687 999 767 1028 rex
805 987 930 1028 brevi
966 990 1168 1040 tempore
1198 999 1269 1028 res
1303 987 1512 1029 Gothicas
1543 999 1598 1029 eo
1629 999 1727 1040 pro-

181 1054 303 1094 vexit
331 1055 649 1108 prosperitatis,
675 1051 736 1095 'ut
772 1066 863 1096 non
898 1054 1040 1095 solum
1073 1055 1228 1107 populi
1256 1054 1437 1095 libertas
1469 1053 1727 1095 defendere-

182 1124 251 1161 tur
297 1124 452 1163 contra
487 1122 794 1163 Romanorum
841 1133 1088 1174 eorumque
1126 1121 1349 1162 sociorum
1387 1122 1603 1175 impetus,
1631 1120 1727 1161 -sed

183 1188 314 1228 etiam
354 1189 607 1242 respublica
635 1188 985 1242 Misigothorum,
1024 1188 1164 1242 ipsius
1202 1189 1319 1242 regis
1349 1188 1581 1241 sapientia,
1621 1191 1728 1228 tem-

181 1256 397 1309 perantia,
428 1256 596 1308 justitia
633 1255 753 1297 domi
793 1256 959 1309 optime
999 1256 1258 1308 gubernata,
1291 1259 1335 1295 et
1362 1255 1581 1296 bellorum
1614 1255 1728 1295 bene

181 1322 403 1363 finitorum
449 1323 591 1376 gloria
635 1323 776 1375 clara,
827 1323 942 1363 inter
985 1323 1195 1363 finitimos
1238 1322 1430 1374 populos
1476 1321 1727 1362 excelleret.

181 1388 485 1429 Theodoricus
515 1389 699 1429 instituit
727 1389 788 1428 ita
818 1389 1032 1442 populum
1064 1400 1206 1439 suum,
1238 1392 1285 1428 ut
1315 1392 1416 1441 post
1444 1389 1585 1441 ipsius
1613 1400 1727 1428 mor-

181 1457 270 1495 tem
301 1455 412 1496 filias
444 1459 706 1509 sequeretur
736 1454 792 1496 ad
824 1454 1085 1509 capiendam
1122 1455 1310 1496 Galliam
1343 1459 1386 1495 et
1415 1455 1690 1509 Hispaniam.

269 1523 563 1563 Plurimarum
586 1524 814 1564 nationum
839 1523 1165 1564 Germanarum
1185 1523 1413 1563 historiam
1442 1523 1611 1576 legens,
1642 1523 1727 1563 hoc

180 1589 422 1644 praecipue
451 1590 602 1631 vitium
632 1590 846 1637 invenies,
880 1589 1000 1644 quod
1032 1590 1321 1631 debilitabant
1350 1590 1466 1631 vires
1498 1601 1602 1631 suas
1632 1601 1727 1631 sae⁴

180 1657 372 1697 vissimis
395 1658 535 1709 bellis,
568 1657 791 1710 caedibus,
822 1658 1003 1711 rapinis,
1037 1657 1352 1698 crudelissimis
1374 1657 1726 1711 depopulationi-

180 1726 277 1776 bus,
307 1724 406 1764 latis
435 1725 480 1764 in
511 1724 759 1778 imperium,
792 1724 910 1777 quod
944 1725 1144 1777 quamvis
1174 1725 1346 1765 inerme
1375 1724 1614 1777 videretur,
1654 1736 1726 1764 ve-

180 1790 347 1832 teribus
377 1791 641 1845 sapientium
682 1792 879 1832 virorum
916 1791 1121 1832 institutis
1161 1794 1205 1832 et
1233 1792 1531 1843 praesentium
1565 1791 1725 1831 ducum

181 1857 342 1898 callido
382 1861 425 1898 et
460 1862 639 1899 versuto
678 1859 858 1912 ingenio
899 1858 1120 1911 quandam
1159 1859 1441 1899 stabilitatem
1490 1862 1725 1899 servasset.

180 1925 249 1965 De
279 1924 456 1965 bilitatis
487 1925 744 1979 contingere
784 1938 876 1967 non
905 1928 1078 1979 poterat·
1104 1927 1153 1966 ut
1180 1925 1336 1967 incolis
1369 1928 1613 1979 occupatae
1643 1929 1724 1966 ter-

181 2004 259 2031 rae
289 2004 440 2032 secum
471 1993 618 2032 mixtis
658 2006 823 2033 novum
865 1993 992 2045 quasi
1030 1995 1232 2032 crearent
1262 1993 1489 2045 populum,
1530 1993 1726 2045 probatis

180 2057 266 2099 illis
298 2061 499 2100 veterum
528 2059 735 2100 institutis
766 2059 887 2101 domi
917 2059 1104 2111 firmum,
1146 2058 1418 2101 advenarum
1464 2060 1630 2101 robore
1674 2072 1726 2100 ac

178 2126 338 2165 virtute
352 2126 470 2167 bello
492 2126 701 2167 validum.
740 2127 901 2167 Evenit
920 2127 1195 2179 saepissime,
1219 2130 1266 2167 ut
1291 2126 1570 2179 disparerent
1589 2138 1615 2166 e
1637 2138 1725 2167 me-

181 2191 325 2233 moria
354 2192 584 2234 nationum
623 2197 826 2234 carentes
864 2193 1007 2247 gloria
1043 2195 1386 2235 reformatorum
1416 2206 1613 2246 morum,
1652 2193 1726 2233 de-

181 2259 324 2299 lerant
362 2259 504 2312 enim,
543 2272 658 2312 quae
697 2261 760 2300 eis
797 2260 1050 2311 abstabant,
1097 2259 1243 2301 deleta
1282 2259 1428 2300 denuo
1468 2263 1727 2300 construere

181 2326 397 2367 nolentes.
460 2327 592 2368 Gothi
623 2339 730 2368 vero
762 2327 905 2380 (quod
931 2327 1233 2380 praeclariore
1250 2326 1400 2367 indole
1422 2338 1500 2368 eos
1523 2339 1549 2367 a
1568 2331 1728 2367 natura

182 2395 362 2433 ornatos
404 2404 504 2433 esse
534 2395 713 2447 probat)
750 2406 843 2434 non
881 2394 1161 2448 ignorabant,
1202 2392 1436 2447 prudentia
1475 2405 1587 2447 opus
1626 2405 1726 2434 esse

181 2464 225 2501 et
255 2461 558 2513 temperantia,
604 2466 650 2502 ut
686 2462 935 2502 libertatem
975 2464 1217 2512 servarent,
1263 2472 1371 2512 opes
1411 2464 1645 2512 augerent3
1690 2461 1726 2500 si

182 2526 435 2567 communia
472 2527 710 2569 commoda
748 2527 927 2582 assequi
962 2527 1218 2580 niterentur,
1263 2527 1372 2577 fore,
1413 2530 1459 2568 ut
1495 2526 1726 2570 Romanos

180 2594 264 2634 sibi
294 2593 492 2634 subditos
524 2596 692 2637 amicos
723 2596 956 2641 haberent;
990 2596 1058 2634 sin
1090 2594 1328 2635 commoda
1357 2595 1531 2647 utrique
1562 2596 1723 2634 civium

180 2660 294 2714 parti
324 2661 579 2701 communia
609 2664 966 2715 aspernarentur,
1004 2673 1085 2701 sua
1115 2664 1282 2701 tantum
1316 2664 1595 2714 quaerentes,
1625 2661 1725 2703 illos

180 2728 265 2768 sibi
293 2728 443 2769 hostes
473 2728 582 2781 fore,
612 2729 657 2769 in
690 2729 931 2782 perniciem
964 2728 1237 2769 advenarum
1268 2729 1536 2782 conjuratos,

261 2795 356 2836 Hac
389 2798 535 2836 mente
564 2796 893 2838 Theodoricum
922 2797 1114 2850 primum
1147 2797 1392 2838 Gothorum
1438 2807 1510 2836 res
1554 2797 1725 2837 rexisse

179 2862 295 2902 facta
322 2862 525 2915 probant.
595 2862 682 2915 Qui
712 2863 872 2904 eodcm
902 2875 1020 2905 anno
1052 2876 1140 2916 quo
1174 2864 1307 2904 Gothi
1337 2863 1621 2915 Aquitaniam
1653 2875 1723 2903 oc-
