1924 3148
910 147 960 189 17

246 291 408 333 Cetera
451 292 632 342 quoque
676 297 885 339 agrorum
917 285 1210 326 instrumenta
1255 284 1399 326 divisa
1429 296 1542 338 esse,
1588 283 1706 325 haud

162 358 344 399 dubium
375 366 475 397 esse
506 355 665 407 potest.

249 423 381 478 Quod
402 421 592 475 pertinet
622 419 680 460 ad
695 431 905 473 agrorum
921 418 1201 472 divisionem,
1231 431 1287 460 ea
1307 432 1396 460 non
1418 420 1560 460 statim
1584 422 1708 459 certa

161 492 298 532 fuisse
327 489 514 538 videtur,
546 486 624 527 sed
646 486 888 538 fiduciaria,
919 489 966 527 ut
994 487 1056 527 ita
1075 486 1242 540 dicam,
1273 485 1394 539 quod
1415 485 1592 539 quidem
1616 485 1705 526 elu-

163 561 234 599 cet
262 569 320 598 ex
348 556 434 597 hoc
463 555 578 597 loco,
597 554 765 607 legum:
799 553 996 605 „Divisio
1027 554 1143 595 inter
1164 554 1358 595 Gothum
1388 557 1433 594 et
1451 553 1704 595 Romanum

162 626 279 666 facta
308 623 364 665 de
393 622 601 677 portione
645 624 860 663 terrarum
892 621 987 663 sive
1017 622 1229 662 silvarum
1259 621 1382 662 nulla
1418 621 1591 663 ratione
1621 624 1706 661 tur-

164 693 303 743 betur,
333 691 403 731 sit
431 692 608 729 tamen
637 685 911 742 probatur
940 689 1224 730 celebrata
1253 688 1555 738 divisio“¹).

246 759 430 799 Postero
461 759 677 809 tempore,
708 768 843 809 quum
875 759 997 797 certa
1017 755 1175 797 divisio
1205 756 1462 797 necessaria
1491 759 1621 807 esset,
1652 766 1708 795 ea

161 827 277 866 facta
306 835 406 864 esse
433 822 621 875 videtur,
670 822 928 876 parentibus
967 826 1011 864 et
1055 823 1209 864 vicinis
1247 822 1537 876 adjutoribus,
1585 820 1705 875 quod

163 891 342 945 quidem
373 889 534 943 probat
555 889 755 943 ejusdem
784 890 896 943 legis
926 891 1099 944 reliqua
1120 902 1243 944 pars:
1276 889 1393 943 „Sed
1424 889 1545 943 quod
1575 900 1602 929 a
1631 900 1706 941 pa-

162 957 359 999 rentibus
403 957 476 998 vel
506 957 661 997 vicinis
707 956 894 997 divisum
942 961 1020 1011 est,
1071 958 1306 1012 posteritas
1349 958 1585 998 immutare
1614 967 1706 997 non

162 1025 348 1079 potest,“

244 1092 463 1145 Silvarum
494 1090 651 1134 divisio
682 1092 829 1133 minus
846 1093 1101 1134 necessaria
1131 1096 1245 1146 erat3
1276 1104 1428 1134 earum
1446 1103 1552 1132 usus
1580 1089 1705 1131 initio

162 1160 411 1201 communis
442 1162 549 1199 erat.
608 1160 771 1200 Postea
809 1163 979 1212 autem,
1026 1172 1160 1213 quum
1200 1162 1429 1200 crescente
1460 1159 1553 1211 jam
1585 1157 1704 1197 inco-

161 1227 302 1267 larum
349 1238 537 1267 numero
584 1227 678 1279 agri
722 1226 779 1266 ad
823 1226 1010 1268 alendos
1063 1227 1254 1268 cultores
1299 1239 1390 1267 non
1441 1225 1706 1273 sufficerent,

161 1305 383 1347 agrosque
428 1294 652 1334 silvestres
697 1294 930 1347 exstirpari
960 1304 1145 1335 necesse
1177 1297 1307 1341 esset,
1351 1293 1452 1347 lege
1498 1290 1703 1333 constitu-

162 1364 251 1401 tum
293 1364 371 1413 est,
416 1364 464 1401 ut
510 1362 777 1414 exstirpator
821 1361 876 1412 (si
923 1360 1101 1414 quidem
1150 1360 1307 1402 divisio
1354 1359 1554 1401 nondum
1591 1358 1707 1397 facta

162 1431 297 1474 esset)
329 1439 484 1481 agrum
506 1428 796 1481 exstirpatum
827 1440 908 1469 suo
933 1427 1112 1482 quidem
1135 1429 1237 1481 jure
1267 1430 1450 1480 teneret,
1481 1438 1536 1468 ea
1556 1429 1706 1466 tamen

163 1493 432 1548 conditione,
466 1498 511 1536 ut
526 1495 683 1535 silvam
713 1495 833 1548 paris
854 1496 983 1549 pretii
1003 1496 1198 1537 consorti
1219 1495 1506 1547 concederet,
1536 1494 1575 1533 si
1595 1493 1707 1533 silva

162 1562 280 1614 paris
310 1562 439 1616 pretii
476 1574 568 1603 non
599 1567 865 1617 superesset,
905 1575 1060 1617 agrum
1091 1563 1381 1617 exstirpatum
1419 1559 1706 1603 dividendum

162 1641 263 1671 esse
282 1630 357 1671 lex
377 1630 649 1683 praescribit.
699 1630 758 1671 At
776 1635 874 1671 utar
888 1631 1034 1672 verbis
1053 1632 1176 1684 ipsis,
1205 1643 1320 1684 quae
1342 1631 1506 1683 scripta
1533 1627 1705 1677 sunt:‘²)

164 1697 260 1749 „De
291 1697 412 1738 silvis
430 1709 545 1751 quae
565 1697 783 1739 indivisae
802 1698 1000 1739 forsitam
1032 1697 1308 1750 resederunt,
1338 1709 1417 1738 seu
1436 1697 1605 1738 Gothus
1626 1707 1707 1736 seu

159 1764 391 1805 Romanus
405 1776 481 1805 eas
504 1766 807 1818 assumpserit,
839 1769 882 1806 et
911 1766 1102 1807 fortasse
1131 1765 1287 1806 fecerit
1308 1765 1523 1805 culturas:
1555 1763 1703 1804 statui-

160 1843 272 1884 mus,
304 1839 349 1872 ut
379 1832 417 1872 si
438 1831 583 1873 adhuc
613 1832 725 1873 silva
745 1837 960 1887 superest,
992 1832 1111 1874 unde
1140 1833 1261 1886 paris
1289 1832 1435 1872 meriti
1464 1835 1582 1872 terra
1611 1831 1705 1883 ejus

161 1898 232 1938 cui
262 1898 449 1940 debetur
478 1900 673 1952 portioni
689 1899 850 1941 debeat
878 1901 1172 1953 compensari,
1204 1900 1360 1941 silvam
1392 1899 1595 1952 accipere
1615 1910 1707 1939 non

161 1969 350 2006 recuset.
411 1966 458 2007 Si
488 1970 637 2007 autem
667 1967 787 2020 paris
819 1967 963 2007 meriti
994 1979 1109 2020 quae
1131 1970 1445 2020 compensetur
1475 1965 1586 2006 silva
1616 1979 1706 2007 non

160 2031 307 2085 fuerit,
339 2032 460 2086 quod
491 2032 546 2073 ad
578 2033 796 2074 culturam
827 2034 1011 2074 scissum
1045 2038 1124 2087 est,
1156 2033 1416 2074 dividatur.“

247 2098 347 2153 Qua
375 2100 476 2153 lege
498 2100 653 2152 elucet,
688 2100 842 2141 Gothis
864 2100 1091 2141 dimidiam
1108 2104 1277 2141 tantum
1308 2104 1479 2154 partem
1496 2100 1703 2140 silvarum

161 2177 332 2206 cessam
363 2167 520 2214 fuisse3
553 2166 672 2221 quod
695 2166 872 2221 quidem
905 2181 1005 2209 cum
1037 2169 1208 2223 legibus
1225 2167 1580 2222 Burgundiorum
1612 2180 1705 2209 cor-

161 2233 467 2289 respondet.³)
526 2235 798 2276 Pascuorum
837 2235 1017 2276 tandem
1049 2235 1207 2277 eadem
1240 2234 1458 2288 (dimidia)
1496 2247 1600 2289 pars
1631 2234 1705 2275 ad-

161 2300 287 2340 venis
319 2313 556 2355 concessa,
603 2314 718 2355 quae
749 2305 897 2343 tamen
920 2293 1003 2344 'diu
1034 2303 1297 2345 resederunt
1338 2302 1540 2355 indivisa,
1586 2315 1703 2343 com-

161 2367 286 2407 muni
333 2369 605 2410 consortium
654 2369 754 2409 usui
792 2370 1011 2423 patentia,
1061 2382 1331 2424 quamquam
1374 2381 1499 2410 suam
1546 2370 1706 2423 cuique

161 2435 357 2475 consorti
387 2435 549 2476 licebat
568 2437 821 2489 portionem
853 2439 980 2490 septo
1003 2437 1292 2478 circumdare.
1350 2437 1448 2477 Hoc
1478 2437 1704 2478 constitui-

160 2502 230 2539 tur
259 2500 359 2553 lege
390 2502 545 2554 quinta
564 2503 677 2543 tituli
708 2503 848 2557 quinti
876 2503 976 2544 libri
1009 2505 1152 2545 octavi
1182 2504 1330 2557 legum
1351 2504 1702 2557 Wisigothorum

158 2566 204 2605 in
235 2579 344 2620 qua:
390 2568 662 2621 „Consortes
693 2583 799 2611 vero
847 2571 918 2611 vel
947 2572 1145 2625 hospites
1176 2571 1285 2611 nulli
1315 2571 1565 2612 calumniae
1604 2572 1703 2612 sub-

151 2633 354 2685 Jaceant:
402 2636 507 2688 quia
544 2637 630 2678 illis
669 2650 820 2678 usum
859 2638 1174 2692 herbarum,
1221 2650 1360 2692 quae
1405 2639 1702 2681 conclusae

235 2789 260 2832 ι)
286 2791 371 2836 Leg.
398 2792 588 2836 Wisigoth.
615 2794 658 2827 X.
686 2796 728 2829 tit
770 2796 783 2828 l
813 2795 835 2828 l.
860 2796 892 2828 8.

230 2847 263 2888 ²)
288 2847 375 2881 ibid.
399 2848 422 2881 l.
448 2848 480 2882 9.
818 2881 821 2885 .

232 2903 259 2944 ³)
285 2903 369 2947 Leg.
397 2905 504 2949 Burg.
530 2906 580 2938 lit.
607 2907 662 2941 54.
687 2909 705 2949 S
730 2908 762 2942 2.

1483 2972 1507 3011 tc
