1924 3148
922 95 976 138 22

169 233 363 274 societas
393 234 539 275 fuerat
567 232 781 275 adversus
812 233 1027 275 victorem
1049 232 1271 281 Walliam,
1304 232 1619 275 beneficiorum
1653 245 1721 274 ac-

169 304 403 354 ceptorum
423 303 726 354 immemor-ee,
755 300 922 342 bellum
952 303 1136 342 movent
1164 304 1320 342 contra
1340 301 1532 354 Suevos,
1562 300 1723 354 quibus

170 369 334 409 frustra
363 369 561 411 obsessis
590 369 636 410 in
652 368 863 411 Nervasis
894 368 1133 421 montibus,
1165 367 1441 410 descendunt
1469 369 1515 409 in
1544 368 1721 422 provin-

170 435 284 476 ciam
316 437 561 489 Boeticam,
600 436 718 478 unde
747 437 793 476 in
832 436 1040 477 finitimas
1070 437 1382 477 Romanorum
1419 436 1627 489 regiones
1657 435 1721 475 in·

170 503 404 544 cursiones
448 504 616 546 faciunt
645 500 1027 558 depraedatum.¹)
1086 502 1292 550 Romani,
1335 502 1422 545 hoc
1450 515 1615 557 rapace
1643 514 1721 556 po-

169 571 276 622 pulo
309 573 543 624 exstincto,
572 572 836 625 Hispaniam
860 571 1056 624 quietam
1085 571 1181 612 fore
1210 571 1307 621 rati,
1338 582 1502 623 magno
1525 569 1720 610 exercitu

169 630 444 680 comparato,
476 626 707 670 Castinum
728 627 990 682 magistrum
1021 625 1207 668 militum
1238 626 1426 680 mittunt,
1458 626 1535 680 qui
1563 625 1721 667 barba-

169 706 244 734 ros
274 694 516 747 puniret.²)

254 760 562 802 Theodoricus
601 773 783 816 quoque
820 762 1198 812 commovebatur,
1244 764 1293 803 ut
1331 773 1440 816 opes
1479 761 1720 803 auxiliares

171 827 418 869 Gothorum
440 841 541 869 cum
569 829 786 871 Romanis
811 829 938 882 jungi
961 829 1152 882 juberet,
1183 829 1278 870 sive
1294 829 1599 871 Romanorum
1631 830 1721 870 foe-

168 895 251 936 dus
290 899 334 937 et
371 897 611 938 amicitiam
648 897 732 938 sibi
772 896 917 937 adhuc
952 898 1264 951 ⁵necessariam
1302 909 1403 938 esse
1447 896 1721 949 existimans,

168 962 263 1005 sive
294 967 445 1006 vetere
478 964 726 1007 Gothorum
771 965 817 1005 in
848 963 1077 1006 Vandalos
1125 964 1227 1007 odio
1260 966 1489 1017 excitatus,
1533 965 1628 1004 sive
1657 964 1720 1004 in·

168 1032 312 1082 gentis
344 1031 542 1083 praedae
572 1032 617 1072 in
647 1032 866 1085 Hispania
897 1031 1102 1086 agendae
1132 1044 1212 1085 spe
1243 1031 1497 1086 perductus.

253 1096 436 1141 Castino
469 1099 636 1153 optime
667 1100 912 1141 exercitum
943 1103 1100 1140 contra
1136 1101 1288 1141 hostes
1319 1099 1524 1153 dirigenti
1554 1099 1720 1140 contin-

169 1165 242 1218 git,
291 1165 413 1219 quod
438 1167 531 1220 Jam
564 1166 829 1220 saepissime
858 1166 1074 1208 Romanis
1105 1167 1352 1222 contigerat
1381 1169 1536 1209 contra
1564 1165 1721 1208 barba·

168 1245 265 1287 ros3
297 1234 461 1287 evenit,
482 1237 540 1276 >ut
568 1234 761 1276 Vandali
793 1234 964 1276 obsessi
997 1238 1254 1276 tenerentur
1283 1247 1311 1275 a
1339 1235 1646 1277 Romanorum
1678 1238 1722 1274 et

170 1301 418 1342 Gothorum
451 1303 691 1356 conJuncto
724 1302 962 1356 excercitu,
995 1305 1248 1344 commeatu
1277 1302 1518 1344 interclusi.

253 1369 310 1409 Et
332 1369 428 1422 jam
450 1368 732 1411 traditionem
754 1370 988 1423 parabant,
1020 1382 1156 1422 quum
1177 1370 1421 1422 Romanus,
1453 1383 1481 1410 a
1502 1370 1577 1410 tali
1593 1370 1720 1410 hoste

166 1436 358 1489 patriam
390 1435 571 1477 defendi
600 1448 693 1478 non
724 1448 874 1490 posse,
923 1435 1009 1476 nisi
1040 1434 1264 1477 deletione
1292 1439 1428 1489 ratus,
1471 1436 1721 1478 inconsulte

167 1503 343 1557 signum
375 1502 496 1544 dedit
526 1502 583 1544 ad
601 1503 831 1557 impetum,
864 1503 939 1556 qui
966 1502 1012 1544 in
1033 1515 1160 1544 suam
1182 1515 1337 1544 versus
1368 1506 1435 1544 est
1454 1503 1720 1557 perniciem,

166 1582 271 1611 nam
302 1570 348 1610 in
379 1570 464 1612 hoc
495 1570 750 1612 discrimine
777 1582 927 1612 rerum
959 1583 986 1611 a
1015 1571 1149 1612 sociis
1179 1569 1402 1612 desertum
1435 1570 1490 1612 ab
1521 1571 1720 1612 hostibus

166 1637 312 1678 fusum
341 1638 631 1691 fugatumque
648 1636 684 1687 ³)
725 1637 912 1678 salutem
952 1638 1058 1691 fuga
1086 1637 1298 1690 petivisse
1333 1637 1500 1678 Idatius
1529 1637 1718 1689 tradit.⁴)

253 1703 325 1745 Ad
354 1705 467 1746 haec
487 1704 620 1745 Idatii
641 1705 780 1745 verba
811 1704 866 1745 de
898 1705 1164 1746 auxiliorum
1190 1704 1437 1746 Gothorum
1468 1704 1624 1745 fraude
1645 1705 1720 1745 ali-

168 1770 273 1825 quid
305 1770 562 1812 addendum
608 1784 709 1813 esse
740 1771 960 1813 existimo.
1020 1771 1198 1814 Certum
1245 1783 1345 1813 esse
1383 1771 1490 1812 mihi
1534 1771 1720 1826 videtur,

170 1839 342 1880 Gothos
381 1851 472 1880 non
505 1851 559 1880 eo
600 1839 788 1880 consilio
821 1838 1004 1881 Castino
1046 1851 1155 1892 opes
1195 1839 1405 1892 attulisse,
1445 1842 1492 1879 ut
1529 1839 1721 1880 Vandali

168 1919 195 1946 a
223 1905 443 1953 Romanis
473 1905 724 1946 funditus
755 1905 1100 1959 delerentur,
1131 1919 1266 1960 quum
1298 1906 1433 1947 talem
1463 1905 1519 1948 de
1540 1907 1720 1948 fortissi-

167 1973 252 2014 mis
283 1973 389 2013 viris
420 1973 689 2026 triumphum
723 1972 1003 2026 deportatum
1040 1973 1289 2015 Suevorum
1320 1975 1453 2015 etiam
1477 1975 1571 2027 Jam
1601 1973 1719 2014 debi-

167 2040 394 2081 litatorum
426 2039 601 2080 cladem
631 2040 758 2093 sequi
788 2051 976 2080 necesse
1006 2052 1119 2081 esse.
1181 2038 1393 2081 Omnium
1423 2052 1531 2083 vero
1561 2041 1719 2094 Hispa-

166 2107 340 2148 niarum
375 2107 716 2160 occupationem
749 2107 904 2148 Gothis
933 2107 1359 2160 perniciosissimam
1388 2108 1485 2148 fore
1515 2108 1719 2150 Theodo-

166 2175 285 2214 ricus
330 2175 428 2214 sine
460 2173 597 2215 dubio
642 2174 870 2216 intellexit.
932 2173 1019 2228 Qui
1063 2174 1167 2215 belli
1215 2173 1376 2216 ardore
1406 2177 1482 2215 aut
1524 2174 1721 2229 praedae

167 2241 371 2295 agendae
401 2253 482 2295 spe
511 2241 633 2281 illam
667 2240 999 2294 expeditionem
1030 2245 1333 2295 susceperant,
1364 2253 1477 2295 sese,
1507 2242 1720 2283 Vandalis

168 2311 211 2349 et
240 2309 398 2349 Suevis
431 2307 672 2361 exstinctis,
703 2310 860 2349 contra
888 2308 1198 2350 Romanorum
1238 2308 1495 2362 superbiam
1526 2312 1569 2350 et
1599 2321 1716 2351 arro-

165 2375 360 2430 gantiam
392 2375 541 2417 socios
563 2375 894 2417 strenuissimos
911 2376 1155 2418 amissuros
1173 2388 1273 2418 esse
1288 2376 1407 2417 haud
1437 2376 1715 2430 ignorabant.

244 2511 272 2553 ¹)
297 2509 400 2544 Idatii
427 2510 587 2554 episcopi
612 2509 770 2543 chronic.
796 2509 843 2543 ad
867 2521 1000 2544 annum
1015 2510 1083 2544 420
1096 2514 1131 2544 et
1151 2510 1206 2544 21.
1231 2530 1277 2535 —
1300 2510 1432 2554 Sulpic.
1448 2511 1570 2544 Sever.
1596 2510 1720 2545 chron.

239 2567 270 2606 ²)
296 2567 421 2610 Prosp.
448 2567 568 2609 Aquit.
595 2566 752 2600 chronic.
802 2566 963 2600 Honorio
989 2566 1084 2600 XIII.
1111 2570 1147 2600 et
1171 2566 1381 2601 Theodosio
1406 2567 1451 2602 Χ.

239 2623 269 2664 ³)
292 2623 450 2667 Prosper
474 2622 560 2657 Tiro
585 2622 631 2657 ad
655 2633 790 2658 aunum
815 2621 901 2657 422:
933 2624 1082 2668 „viginti
1107 2625 1222 2658 ferme
1247 2624 1347 2659 milia
1369 2625 1522 2659 militum
1546 2625 1584 2658 in
1596 2624 1720 2669 Hispa·

164 2682 232 2714 niis
258 2684 385 2714 contra
409 2679 595 2713 Vandalos
619 2680 857 2723 pugnantium
882 2681 1023 2713 eaesa.“

238 2736 268 2779 ⁴)
293 2736 383 2770 Idat.
421 2734 618 2770 chronicon
645 2727 751 2770 Goth.
778 2735 823 2770 ad
849 2746 983 2771 annum
1008 2735 1093 2771 422:
1119 2763 1140 2782 ,‚
1172 2764 1178 2771 .
1204 2764 1212 2772 .
1238 2741 1276 2772 ut
1298 2739 1376 2784 jam
1407 2749 1447 2772 se
1480 2737 1623 2772 tradere
1659 2749 1719 2782 pa-

165 2798 300 2838 rarent,
339 2793 543 2828 inconsulte
577 2793 721 2837 publico
759 2795 956 2827 certamine
1000 2795 1211 2839 confligens,
1248 2795 1523 2830 auxiliorum
1562 2794 1719 2828 fraude

165 2850 403 2894 deceptus,
429 2849 475 2883 ad
500 2849 744 2884 Tarraconem
770 2850 884 2884 victus
908 2851 1067 2896 effugit.“
