1924 3148
918 161 942 203 5

157 287 331 331 vinciae
360 286 793 342 Novempopulanae
816 289 911 342 Jam
942 293 1044 331 ante
1074 302 1239 331 annum
1270 287 1366 336 439,
1397 289 1586 330 fortasse
1609 288 1703 341 Jam

158 368 277 399 anno
296 355 379 397 419
396 366 658 398 concessam
681 372 782 402 esse
802 360 1041 403 verisimile
1070 359 1178 401 mihi
1206 357 1394 410 videtur,
1424 369 1559 410 quum
1591 354 1705 395 hanc

157 423 380 468 civitatem
403 429 451 469 in
479 420 762 473 memorabili
783 430 859 471 illo
890 429 1008 470 bello
1038 425 1161 479 (439)
1192 437 1273 480 per
1295 425 1602 466 Romanorum
1634 434 1704 463 co-

156 490 254 543 pias
287 493 517 537 obsessam
548 509 648 540 esse
680 497 922 552 Gregorius
952 494 1226 538 Turonensis
1257 490 1474 549 scribam)
1516 491 1603 546 Qui
1630 503 1704 531 au-

157 560 247 598 tem
286 561 507 603 civitatem
545 566 840 606 Ausciensem
879 567 923 605 et
950 564 1245 604 Vasatensem
1285 560 1532 602 Gothorum
1570 558 1705 598 fuisse

158 627 374 681 concedit,
404 630 652 674 Elusatium
692 644 872 687 quoque
911 634 955 673 et
983 629 1281 672 Lactoratium
1320 629 1519 669 civitates
1553 627 1599 667 in
1630 638 1704 667 eo¹>

156 707 255 736 rum
284 700 550 750 potestatem
580 701 759 741 venisse
797 711 965 754 negare
1003 710 1095 740 non
1124 700 1284 752 potest,
1323 694 1543 749 siquidem
1581 693 1704 734 tabu-

157 761 246 803 lam
277 766 622 819 geographicam
651 768 832 808 intuitus
863 770 941 808 est.
1002 765 1206 821 Quatuor
1234 763 1367 818 igitur
1396 762 1594 803 civitates
1615 760 1697 802 No·

156 831 509 884 vempopulanas
528 834 774 876 Gothorum
804 835 940 875 fuisse
961 833 1231 887 colligimus:
1262 831 1528 882 Auscorum,
1549 830 1703 870 Lacto-

156 897 330 951 ratium,
360 899 620 954 Elusatium,
649 902 977 943 Vasatensium.
1031 900 1076 942 Si
1098 900 1213 941 aliae
1237 899 1384 951 etiam,
1415 897 1549 951 plane
1578 897 1702 950 igno-

156 976 320 1005 ramus.
740 1006 745 1010 ,

245 1032 358 1073 Eam
388 1045 496 1076 vero
526 1034 957 1089 Novempopulanae
986 1037 1172 1089 partem,
1203 1045 1319 1087 quae
1349 1034 1521 1092 spectat
1540 1030 1599 1072 ad
1618 1031 1700 1083 Py·

156 1109 348 1141 renaeos
384 1104 559 1142 montes
599 1102 752 1156 eisque
789 1102 997 1156 proxima
1033 1104 1113 1155 est,
1159 1103 1341 1155 propter
1386 1099 1616 1140 transitum
1656 1098 1702 1138 in

156 1165 418 1219 Hispaniam
454 1168 500 1208 in
530 1168 838 1210 Romanorum
876 1172 1098 1222 potestate
1134 1168 1381 1209 remanisse
1410 1179 1503 1207 non
1534 1165 1702 1206 dubito.

242 1232 425 1274 Ceteras
455 1235 696 1276 confinium
724 1236 1054 1289 provinciarum
1086 1235 1299 1286 civitates,
1340 1244 1456 1287 quae
1492 1233 1537 1272 in
1576 1231 1700 1274 ditio-

158 1310 261 1340 nem
301 1300 547 1343 Gothorum
586 1306 816 1355 venerunt,
855 1302 1052 1356 singulas
1089 1302 1322 1343 nominare
1360 1300 1529 1353 nescio,
1567 1312 1702 1354 quum

157 1366 315 1417 fontes,
348 1367 404 1408 de
433 1368 517 1409 hac
546 1381 596 1410 re
626 1368 864 1423 tradentes,
895 1373 939 1409 et
967 1369 1057 1409 rari
1085 1369 1172 1420 sint
1199 1370 1245 1408 et
1273 1367 1435 1421 exigui.
1495 1367 1701 1408 Attamen

156 1433 194 1474 si
226 1435 446 1488 conjicere
481 1436 596 1490 licet,
636 1437 835 1477 civitates
864 1436 1128 1478 Albensium
1166 1438 1209 1476 et
1239 1433 1558 1504 Cadurcorum,
1596 1434 1703 1475 sitas

155 1501 200 1540 in
258 1502 490 1554 provincia
537 1503 776 1556 Aquitania
832 1504 1003 1557 prima,
1070 1503 1318 1544 Gothorum
1372 1484 1510 1542 fuisse
1564 1501 1701 1553 conji-

156 1568 283 1608 ciam.
372 1567 563 1610 Adducit
618 1581 691 1611 me
744 1569 800 1610 ad
855 1571 970 1611 hanc
1028 1568 1287 1623 opinionem
1347 1566 1702 1621 supradictarum

154 1635 379 1675 civitatum
424 1637 731 1688 opportunitas
773 1637 1018 1677 Gothorum
1063 1635 1241 1689 regibus
1291 1635 1338 1675 in
1380 1634 1492 1674 urbe
1534 1634 1702 1675 Tolosa

155 1700 467 1754 habitantibuS,
510 1702 755 1754 utilissima,
793 1703 930 1744 immo
972 1702 1105 1743 etiam
1143 1701 1412 1742 necessaria.
1494 1701 1540 1742 Si
1580 1702 1697 1742 enim

156 1768 350 1809 Romani
380 1769 655 1823 supradictas
686 1770 884 1810 civitates
917 1772 1224 1824 occupassent,
1254 1769 1385 1809 unius
1421 1768 1511 1810 diei
1544 1769 1702 1810 itinere

155 1835 287 1889 facto,
320 1836 566 1878 Gothorum
599 1838 746 1878 aulam
776 1838 822 1878 in
844 1838 953 1879 urbe
973 1837 1142 1879 Tolosa
1163 1836 1418 1892 opprimere
1439 1836 1701 1890 potuissent.

156 1902 301 1957 Quam
333 1901 612 1958 sententiam,
652 1905 725 1958 qui
757 1905 930 1959 probat,
962 1905 1181 1946 Gebenna
1209 1908 1361 1946 monte
1389 1905 1435 1944 in
1466 1904 1698 1945 meridiem

155 1982 310 2011 versus
351 1971 520 2013 Gothos
559 1984 587 2012 a
620 1972 836 2014 Romanis
875 1972 1040 2014 divisos
1079 1972 1228 2026 fuisse,
1277 1971 1526 2013 concedere
1557 1971 1701 2014 debet.

155 2038 208 2078 In
246 2039 463 2080 orientem
496 2040 742 2082 Gothorum
779 2041 903 2093 fines,
949 2052 1092 2093 usque
1131 2039 1187 2080 ad
1228 2040 1507 2093 Aquitaniam
1546 2051 1701 2080 secun-

156 2104 274 2158 dam,
311 2105 357 2145 in
395 2107 743 2160 septentrionem
781 2106 924 2160 usque
962 2106 1019 2147 ad
1058 2106 1219 2147 flumen
1249 2106 1418 2160 Ligeris
1457 2109 1501 2147 et
1537 2109 1699 2147 terram

157 2171 534 2224 Armorieorum2)
564 2175 916 2228 porrigebantur.

243 2238 371 2293 Quae
402 2252 535 2293 quum
567 2241 628 2282 ita
658 2241 756 2295 sint,
799 2240 905 2295 quid
934 2240 1131 2295 impedit,
1171 2253 1258 2295 quo
1290 2240 1435 2281 minus
1465 2252 1702 2294 ponamus,

156 2318 344 2360 reg-num
357 2307 589 2349 Gothicum
600 2309 872 2350 continuisse
882 2321 983 2350 ann.
995 2307 1077 2349 419
1094 2309 1292 2349 civitates
1301 2308 1701 2361 Burdigalensium‚

157 2373 505 2427 Agennensium,
529 2375 914 2429 Ecolismensium,
944 2375 1204 2428 Santonum,
1234 2375 1526 2421 Pictavorum‚
1552 2375 1702 2416 Petro-

87 2460 90 2462 ·
156 2441 380 2482 coriorum
412 2445 548 2494 (quae
578 2443 711 2484 urbes
734 2445 859 2484 erant
878 2442 1136 2496 provinciae
1155 2442 1422 2496 Aquitaniae
1443 2442 1701 2496 secundae),

157 2507 354 2547 civitates
399 2507 671 2563 Auscorum,
715 2510 1033 2563 Lactoratium,
1076 2509 1344 2562 Elusatium,
1388 2510 1700 2551 Vasatensium

155 2574 313 2626 (urbes
332 2573 780 2631 Novempopulanas)
802 2577 1107 2619 Cadurcorum
1128 2580 1173 2618 et
1187 2577 1450 2618 Albensium
1480 2578 1541 2632 <in
1566 2578 1700 2631 Aqui-

231 2699 264 2739 1)
290 2696 441 2741 Gregor.
479 2698 564 2732 Tur.
589 2699 634 2732 de
659 2700 776 2744 gloria
801 2706 995 2745 martyrum
1029 2700 1050 2734 l
1080 2701 1108 2734 l.
1134 2712 1163 2733 c.
1192 2699 1244 2733 13.
1299 2699 1353 2734 Of.
1386 2701 1492 2734 etiam
1529 2701 1632 2744 hujus
1664 2700 1701 2732 li-

155 2753 255 2797 belli,
281 2763 362 2798 pag.
387 2752 442 2796 38,
467 2759 541 2789 not.
567 2755 600 2789 2.

229 2810 264 2853 ⁴²)
290 2810 518 2844 Merobaudis
542 2814 801 2856 panegyiicum
827 2814 924 2848 Aetii
949 2813 1021 2856 (ed.
1047 2813 1213 2854 Loebell)
1239 2825 1270 2847 v.
1293 2813 1343 2847 14.
1373 2814 1430 2847 15:

281 2865 350 2909 „Et
374 2876 591 2910 quamquam
617 2867 751 2902 Geticis
776 2869 913 2903 sulcum
939 2870 1136 2905 confundat
1155 2872 1281 2904 aratris
1307 2869 1445 2912 (incola
1471 2870 1696 2907 Armoricus]

281 2923 459 2967 „barbara
484 2924 620 2959 vicinae
645 2926 778 2970 refugit
802 2928 982 2963 consortia
1007 2929 1160 2973 gentis.“
