1924 3148
959 99 1009 141 12

203 232 429 274 civitatum
469 234 678 275 habuisse
727 235 910 285 curiam,
960 234 1041 276 sed
1075 236 1206 277 etiam
1247 232 1489 288 municipia
1527 236 1660 288 atque
1694 233 1754 273 vi·

205 299 347 352 cOS.¹)

289 366 380 408 Sed
410 366 532 408 credi
563 380 654 409 non
682 370 842 422 potest,
874 368 1117 422 municipia
1146 372 1280 424 atque
1309 369 1432 411 vicos
1463 366 1654 410 eundem
1683 379 1755 408 cu-

203 434 381 474 rialium
396 445 630 474 numerum
652 434 875 487 habuisse,
907 446 1040 488 quem
1064 436 1217 490 urbes,
1246 447 1395 490 neque
1415 434 1655 476 verisimile
1676 436 1755 486 est,

205 501 359 541 omnia
386 500 628 554 municipia
657 512 904 555 omnesque
935 501 1057 543 vicos
1077 502 1289 544 habuisse
1317 503 1500 555 curiam,
1541 513 1677 555 quum
1699 512 1757 541 ex

204 579 333 609 more
361 567 568 609 Romano
601 571 731 621 esset,
769 572 818 609 ut
846 569 1130 622 magistratus
1170 571 1292 611 urbis
1330 570 1403 611 vel
1433 568 1661 622 municipii
1689 579 1756 608 re-

202 633 362 689 giones
392 635 757 688 circumjacentes
788 635 1113 678 admistrarent.

289 702 459 755 Itaque,
491 705 629 743 totam
659 703 893 752 civitatem,
922 704 999 745 ubi
1030 705 1282 759 plurimum,
1319 703 1402 746 400
1433 703 1621 746 curiales
1653 713 1756 742 con-

204 769 403 821 tinuisse,
453 769 696 821 conjiciens
734 770 917 811 minime
953 782 1135 822 vereor,
1182 783 1241 812 ne
1272 772 1490 813 minorem
1521 781 1756 811 numerum

207 837 413 876 statuisse
444 846 642 875 accuser.
700 835 905 877 Eundem
943 848 1177 877 numerum
1212 836 1412 878 concedo
1443 834 1625 890 reliquis
1655 845 1756 889 pos-

205 901 455 943 sessoribus
486 913 708 955 agrorum.
770 903 963 956 Singulis
994 903 1126 944 etiam
1159 903 1398 945 curialibus
1429 903 1560 944 binos
1580 901 1756 953 fundos,

208 968 329 1023 quod
360 969 493 1010 efficit
528 967 634 1008 1200
664 968 825 1010 fundos
866 969 938 1011 vel
977 970 1104 1011 villas
1135 970 1330 1024 privatas
1360 970 1405 1010 in
1438 968 1623 1023 singulis
1654 967 1756 1009 civi-

204 1036 333 1077 tibus.
406 1035 477 1076 Ad
518 1036 616 1089 hoc,
661 1048 720 1076 ne
754 1037 799 1077 in
838 1037 1060 1079 minorem
1099 1049 1335 1078 numerum
1375 1047 1527 1077 errare
1557 1045 1755 1086 accuser,

205 1102 481 1161 reipublicae
519 1106 563 1144 et
601 1103 777 1158 oppidis
808 1107 852 1145 et
882 1105 1082 1146 ecclesiis
1113 1105 1305 1146 eundem
1337 1116 1568 1145 numerum
1600 1100 1755 1143 fundo-

206 1184 305 1211 rum
336 1171 537 1225 assign03
569 1183 658 1225 qua
688 1170 804 1212 duae
834 1183 1036 1213 summae
1066 1172 1243 1213 efficiun
1265 1170 1393 1214 1:2400
1415 1170 1576 1212 fundos
1600 1173 1647 1210 in
1671 1169 1756 1209 sin-

204 1238 318 1291 gulis
349 1237 610 1279 civitatibus.
670 1239 852 1279 Minime
881 1250 955 1279 me
984 1240 1105 1292 fugit,
1147 1239 1256 1279 alias
1297 1238 1433 1279 fuisse
1471 1249 1543 1278 res
1581 1237 1627 1276 in
1659 1235 1756 1276 aliis

206 1304 469 1357 civitatibus,
502 1316 650 1358 neque
682 1304 889 1358 defendo,
927 1306 1148 1347 rationem
1178 1317 1327 1347 meam
1357 1308 1610 1347 accuratam
1642 1314 1756 1354 esse,

201 1371 247 1413 id
293 1372 435 1413 solum
477 1372 750 1414 contendere
788 1373 935 1426 velim,
980 1374 1071 1414 ubi
1108 1373 1427 1426 plurimum,
1473 1370 1583 1411 2400
1621 1370 1757 1410 fuisse

204 1438 367 1480 fundos
404 1438 588 1493 propria
620 1437 1005 1481 administratione
1035 1439 1190 1492 cultos,
1229 1451 1321 1481 non
1353 1451 1381 1480 a
1410 1437 1596 1480 colonis,
1674 1436 1756 1477 Ta-

204 1507 312 1546 lium
365 1506 497 1559 igitur
542 1505 778 1547 fundorum
825 1518 1059 1546 numerum
1108 1507 1451 1559 multiplicantes
1496 1508 1563 1545 ter
1607 1503 1756 1543 decies

207 1571 442 1624 (tredecim
474 1572 592 1613 enim
626 1572 766 1613 ferme
796 1573 984 1614 civitatis
1016 1573 1173 1615 Gothis
1203 1572 1386 1613 traditas
1418 1584 1519 1613 esse
1549 1569 1756 1624 cognovi-

205 1642 326 1690 mus)
348 1639 563 1680 efficimus
586 1637 751 1692 3¹,200.
808 1640 941 1694 Atqui
963 1640 1010 1680 in
1037 1639 1256 1681 divisione
1277 1643 1493 1681 terrarum
1524 1650 1579 1679 ea
1609 1637 1757 1679 obser-

205 1707 394 1748 vabatur
424 1707 512 1759 lex,
543 1709 591 1748 ut
620 1706 739 1760 apud
770 1707 971 1761 singulos
996 1707 1209 1749 dominos
1230 1708 1462 1749 Romanos
1493 1705 1668 1760 singula
1696 1705 1755 1744 fa-

206 1775 330 1815 milia
361 1774 608 1815 Gothorum
641 1774 998 1829 collocaretur.²)

246 1952 249 1954 ’
283 1955 314 1997 ¹)
340 1953 393 1989 Cf.
419 1954 575 1988 Salvian.
601 1954 646 1988 de
671 1954 756 1999 gub.
782 1953 851 1988 Dei
874 1954 934 1988 lib.
964 1953 1005 1988 V.
1030 1965 1064 1998 p.
1089 1953 1151 1989 89:
1178 1953 1303 1997 „Quae
1329 1954 1424 1987 enim
1449 1956 1532 1987 sunt
1557 1961 1628 1986 non
1646 1950 1756 1986 modo

207 2013 328 2054 urbes,
352 2011 416 2045 sed
443 2011 551 2044 etiam
577 2012 771 2054 municipia
795 2015 904 2054 atque
928 2011 1009 2055 vici,
1033 2011 1095 2044 ubi
1121 2020 1205 2052 non,
1237 2014 1325 2053 quot
1349 2010 1501 2043 curiales
1525 2009 1668 2050 fuerint,
1704 2012 1758 2041 tot

205 2069 351 2112 tyranni
374 2068 479 2101 sint.“

279 2125 309 2165 ¹)
334 2124 410 2158 Hoc
435 2123 654 2157 concludere
680 2123 854 2157 debemus
881 2133 928 2157 ex
952 2122 1010 2157 his
1034 2123 1122 2157 locis
1149 2123 1271 2168 legum
1298 2121 1600 2167 wisigothorum:
1625 2120 1686 2153 lib.
1713 2119 1756 2152 X.

206 2184 257 2217 tit.
287 2182 315 2216 l.
340 2181 364 2216 l.
389 2181 420 2217 4.
454 2181 597 2225 „Quum
624 2182 762 2225 priscae
795 2181 886 2225 legis
918 2182 1129 2215 auctoritate
1153 2181 1262 2214 fuerit
1286 2181 1528 2223 constitutum,
1561 2183 1599 2212 ut
1623 2179 1664 2222 is,
1696 2178 1755 2221 qui

206 2240 252 2273 ad
278 2239 467 2272 dicendam
494 2248 638 2271 causam
671 2237 910 2281 compellitur,
946 2247 1018 2271 non
1057 2238 1143 2271 nisi
1174 2240 1424 2281 praesente
1456 2246 1520 2279 eo,
1555 2235 1629 2280 qui
1659 2234 1758 2267 reli-

207 2297 336 2342 giose
361 2305 547 2330 consors
574 2301 651 2338 est,
687 2295 905 2329 audiatur..
923 2320 931 2328 .
950 2320 958 2328 .
983 2295 1007 2331 l,
1032 2295 1071 2330 8:
1110 2295 1238 2329 divisio
1270 2296 1365 2328 inter
1397 2292 1590 2327 Gothum
1623 2296 1659 2325 et
1678 2292 1755 2326 Ro-

207 2364 380 2387 manum
413 2353 508 2385 facta
539 2352 585 2384 de
610 2346 778 2395 portione
803 2356 977 2385 terrarum
1010 2353 1089 2385 sive
1113 2352 1283 2384 silvarum
1308 2351 1407 2384 nulla
1429 2351 1569 2384 rat-ione
1593 2349 1758 2383 turbetur

206 2437 213 2444 .
233 2437 241 2445 .
261 2438 268 2445 .
294 2419 361 2443 nec
387 2409 433 2443 de
458 2409 597 2443 duabus
622 2409 783 2453 partibus
809 2407 945 2443 Gothi
975 2409 1112 2453 aliquid
1141 2410 1208 2442 sibi
1241 2409 1426 2443 Romanus
1458 2411 1665 2452 praesumat
1696 2411 1758 2439 aut

204 2466 374 2510 vindicet,
399 2469 460 2499 aut
484 2465 529 2498 de
554 2466 659 2499 tertia
683 2470 780 2499 terra
803 2466 958 2499 Romani
976 2465 1150 2500 Gothus
1174 2466 1243 2499 sibi
1268 2465 1400 2499 audeat
1424 2464 1559 2509 aliquid
1583 2473 1755 2507 usurpare

206 2526 269 2557 aut
292 2521 486 2556 vindicare.
526 2521 585 2556 1.9
610 2522 665 2556 De
690 2522 799 2567 silvis,
831 2532 925 2566 quae
955 2522 1129 2557 indivisae
1161 2523 1310 2558 forsitan
1335 2521 1558 2564 resederunt,
1591 2531 1653 2554 seu
1680 2520 1755 2554 Go-

206 2580 320 2622 thus,
344 2589 409 2612 seu
427 2579 611 2612 Romanus
637 2589 698 2612 eas
722 2580 956 2616 assumpserit
979 2583 1016 2612 et
1040 2580 1193 2613 fortasse
1218 2580 1345 2612 fecerit
1360 2578 1533 2612 culturas:
1559 2568 1756 2621 statuimus,

205 2640 245 2670 ut
259 2637 289 2669 si
306 2635 424 2670 adhuc
441 2639 606 2679 superest
622 2636 722 2678 silva,
747 2635 864 2669 unde
885 2637 1005 2680 paris
1031 2637 1179 2670 meriti
1203 2640 1301 2671 terra
1325 2637 1430 2681 ejus,
1455 2637 1524 2669 cui
1549 2635 1753 2678 debetur,

206 2694 363 2738 portioni
388 2693 523 2727 debeat
547 2694 785 2737 compensari,
821 2694 947 2727 silvam
980 2695 1145 2738 accipere
1177 2705 1249 2728 non
1280 2698 1432 2728 recuset.
1504 2693 1580 2726 Lib.
1605 2693 1648 2726 X.
1674 2697 1697 2726 t.
1723 2693 1754 2725 3.

205 2751 228 2784 l.
253 2751 292 2784 5:
329 2750 375 2784 Et
400 2755 519 2783 tamen
553 2750 672 2782 nullus
703 2761 836 2783 novum
869 2751 1062 2786 terminum
1088 2751 1166 2784 sine
1191 2751 1419 2785 consortis
1444 2749 1660 2794 praesentia,
1697 2753 1758 2783 aut

204 2809 283 2841 sine
307 2808 512 2851 inspectore
537 2807 765 2840 constituat.“
812 2807 869 2840 Ex
895 2807 948 2841 his
974 2808 1062 2842 locis
1088 2811 1124 2842 ct
1147 2808 1237 2851 aliis,
1262 2818 1353 2852 quos
1376 2806 1579 2852 producere
1603 2806 1753 2850 longum

207 2869 271 2906 est,
307 2865 393 2898 satis
418 2864 547 2908 elucet,
582 2874 694 2897 unum
721 2863 878 2898 Gothum
912 2864 1093 2899 habitasse
1123 2875 1205 2898 cum
1237 2865 1414 2900 Romano.
1474 2863 1551 2897 Hoc
1582 2863 1757 2909 probatur
