1924 3148
932 145 987 186 23

268 279 438 336 Quibus
469 282 900 325 considerationibus
932 282 1104 324 Gothos
1143 285 1370 335 permotos
1410 294 1510 324 esse
1548 294 1727 334 censeo,

180 351 241 402 ut,
281 349 584 392 vandalorum
614 348 1038 403 exstinguendorum
1070 349 1257 391 consilio
1298 362 1388 391 non
1420 349 1726 404 comprobato,

182 428 210 456 a
238 430 390 472 pugna
418 429 519 459 sese
549 417 811 471 reciperent.
871 417 1082 459 Fortasse
1121 417 1254 459 etiam
1285 416 1453 459 Castini
1482 418 1726 471 ingenium,

181 484 302 537 quod
346 485 540 538 Prosper
569 484 858 538 Aquitanicus
902 483 1071 526 discors
1117 488 1160 526 et
1197 484 1460 539 superbiens
1505 483 1727 534 describit,

181 563 318 593 causa
347 552 426 593 fuit
457 552 703 594 Gothorum
734 551 961 605 reditus.¹)

265 619 388 660 Haec
404 618 710 660 Vandalorum
727 619 911 660 victoria
941 629 1095 660 eorum
1119 630 1228 673 opes
1245 619 1454 673 firmavit3
1484 631 1588 660 nam
1611 619 1727 660 hunc

181 687 449 741 triumphum
481 688 716 728 multarum
734 687 908 729 urbium
941 686 998 728 ad
1018 699 1143 728 mare
1164 688 1347 728 sitarum
1370 690 1725 741 expugnatarum

181 760 367 796 eventus
398 756 537 796 secuti
568 758 688 796 sunt:
722 768 810 809 quo
841 756 1001 797 factum
1034 758 1113 809 est,
1153 758 1200 796 ut
1228 755 1354 797 brevi
1384 758 1587 810 tempore
1625 757 1726 809 post

178 822 484 864 Romanorum
518 823 691 864 cladem
722 824 911 864 classem
950 823 1226 877 adpellerent
1251 823 1307 864 ad
1335 823 1503 863 insulas
1532 822 1724 864 Baleari-

180 901 257 929 cas
288 889 620 944 depraedatum,
650 891 696 930 in
724 891 868 944 ipsam
890 891 1020 931 etiam
1054 890 1245 931 Africam
1279 889 1609 944 expeditionem
1632 901 1724 930 sus-

180 955 439 1012 ciperentfl)

266 1024 480 1065 Romanis
512 1036 618 1066 vero
658 1025 735 1065 illa
773 1025 866 1065 dies
905 1025 1140 1064 multarum
1181 1024 1356 1064 cladum
1396 1025 1725 1078 multorumque

180 1089 382 1133 laborum
428 1091 599 1134 initium
645 1092 735 1134 fuit.
823 1093 961 1135 Paulo
1016 1097 1116 1147 post
1157 1094 1387 1134 ,Iohannes
1442 1093 1724 1136 Primicerius

180 1158 368 1208 (scilicet
421 1160 665 1200 scribarum
709 1160 953 1214 regiorum)
1030 1159 1197 1201 Castini
1248 1160 1475 1201 fraudibus
1529 1159 1724 1214 adjutus,

179 1237 319 1279 penes
351 1239 483 1281 quem
529 1241 749 1269 summum
792 1228 1029 1284 imperium
1073 1228 1261 1270 militare
1292 1232 1399 1282 erat,
1443 1227 1725 1282 tyrannidem

182 1294 381 1347 arripere
398 1299 583 1336 conatus
615 1299 694 1349 est,
726 1308 841 1350 quae
858 1295 1046 1338 duorum
1078 1308 1296 1338 annorum
1328 1296 1519 1350 spatium
1535 1295 1723 1337 miseriis

181 1361 287 1403 belli
318 1363 456 1403 civilis
486 1363 745 1417 implevit.·‘¹)

264 1429 413 1483 Quum
432 1442 514 1484 per
542 1431 628 1471 hoc
645 1433 832 1484 tempuS,
864 1430 1274 1484 opportinissimum
1292 1429 1528 1471 dilatandis
1549 1430 1724 1481 finibus,

180 1495 237 1535 de
259 1496 503 1538 Gothorum
535 1497 726 1538 motibus
757 1509 979 1551 nusquam
1001 1497 1168 1538 mentio
1200 1498 1288 1548 fiat,
1318 1496 1435 1538 haud
1453 1497 1648 1538 alienum
1670 1497 1725 1537 sit

177 1566 348 1616 putare,
393 1564 633 1618 contigisse
663 1563 858 1614 Uestino,
904 1563 998 1618 (qui
1040 1564 1172 1606 totius
1202 1564 1458 1606 rebellionis
1497 1568 1653 1605 auctor
1682 1567 1726 1605 et

180 1629 272 1671 dux
311 1630 542 1672 habendus
573 1631 733 1685 erat)⁴)
764 1635 811 1672 ut
846 1631 1175 1673 Theodoricum
1206 1632 1478 1685 conciliaret,
1529 1642 1722 1684 eumque

182 1700 497 1750 commoveret,
528 1701 576 1738 ut
603 1698 718 1738 intra
746 1699 857 1739 fines
888 1710 991 1738 suas
1023 1698 1197 1752 quietus
1229 1701 1491 1739 remaneret.
1551 1697 1722 1752 Quibus

178 1764 409 1818 promissis
439 1764 485 1805 id
528 1765 775 1819 contigerit,
818 1765 1002 1806 minime
1033 1765 1189 1819 elucet,
1235 1765 1357 1819 quod
1386 1777 1466 1819 per
1508 1766 1594 1806 hoc
1624 1777 1723 1818 spa-

178 1832 286 1873 tium
336 1831 392 1873 de
423 1832 577 1873 Gothis
607 1833 774 1874 mentio
821 1832 1003 1874 omnino
1048 1845 1140 1874 non
1178 1833 1236 1873 fit.
1295 1833 1504 1873 Attamen
1550 1832 1723 1885 opinari

178 1899 293 1953 licet,
326 1900 518 1941 Gothum
549 1911 770 1953 sperasse,
800 1912 849 1941 se
878 1899 988 1953 ipsis
1018 1900 1084 1940 rei
1112 1900 1318 1953 publicae
1339 1900 1573 1940 Romanae
1604 1899 1721 1952 prin-

179 1967 350 2020 cipibus
381 1967 676 2008 annuentibus
705 1977 894 2021 regnum
932 1970 1160 2008 aucturum
1193 1978 1305 2019 esse,
1337 1978 1481 2019 eaque
1510 1978 1591 2019 spe
1625 1977 1722 2018 per-

178 2034 359 2074 ductum
381 2033 553 2074 Galliae
573 2034 841 2087 pepercisse.
900 2034 957 2074 Et
984 2045 1034 2074 re
1055 2045 1175 2087 vera,
1206 2033 1486 2086 simulatque,
1514 2033 1721 2074 Johanne

176 2101 422 2155 interfecto,
454 2100 635 2143 Castino
666 2100 840 2142 devicto
872 2103 916 2142 et
943 2101 990 2141 in
1020 2100 1202 2142 exilium
1232 2103 1346 2153 acto,
1385 2100 1721 2141 Valentinianus

251 2238 276 2280 ¹)
301 2236 424 2279 Prosp.
449 2235 569 2279 Aquit.
595 2234 752 2268 chronic.
777 2234 938 2270 Honorio
963 2235 1058 2268 XIII.
1083 2234 1291 2269 Theodosio
1317 2235 1359 2268 X.

245 2293 344 2337 „Hoc
370 2296 533 2336 tempore
559 2293 737 2325 exercitus
769 2291 815 2324 ad
839 2291 1027 2335 Hispanias
1052 2296 1178 2325 contra
1202 2291 1230 2323 V
1236 2291 1386 2325 andalos
1412 2291 1538 2324 missus
1563 2294 1627 2333 est,
1667 2291 1723 2323 cui

176 2350 341 2384 Castinus
366 2349 440 2383 dux
457 2349 534 2394 fuit,
559 2349 618 2393 qui
644 2348 870 2382 Bonifacium
895 2349 1010 2382 virum
1025 2348 1163 2383 bellicis
1189 2347 1324 2382 artibus
1349 2348 1573 2392 praeclarum
1598 2348 1721 2391 inepto

179 2411 217 2442 et
240 2408 412 2452 injurioso
439 2407 590 2450 imperio
614 2406 661 2439 ab
688 2405 929 2449 expeditionis
954 2416 1040 2439 suae
1064 2407 1235 2439 societate
1254 2407 1391 2438 avertit.
1441 2405 1531 2438 Nam
1558 2404 1617 2437 ille
1644 2414 1721 2447 per-

174 2465 346 2498 niciosum
372 2464 439 2497 sibi
464 2467 499 2496 et
522 2462 711 2507 indignum
734 2466 831 2495 ratus
857 2472 940 2495 eum
970 2463 1083 2506 sequi,
1121 2472 1227 2506 quem
1266 2461 1524 2496 discordem
1562 2471 1719 2505 super-

176 2522 464 2564 bientemque
489 2524 702 2564 expertus
728 2524 858 2562 esset.¹
884 2519 1101 2553 celeriterse
1118 2519 1163 2552 ad
1179 2524 1320 2562 portum
1338 2518 1455 2558 Urbis,
1472 2518 1556 2551 inde
1569 2517 1612 2550 ad
1630 2519 1720 2550 Afri-

174 2589 254 2611 cam
280 2577 488 2621 proripuit.“

249 2636 281 2677 ²)
307 2633 439 2668 Idatius
464 2633 587 2668 chron.
613 2633 660 2667 ad
684 2644 817 2668 annum
843 2632 922 2667 425.
970 2632 1068 2677 Sulp.
1095 2632 1218 2667 Sever.
1244 2632 1368 2667 chron.

249 2693 276 2735 ⁵)
302 2692 357 2725 De
379 2690 554 2724 Johannis
591 2690 781 2733 tyrannide
818 2691 861 2722 cf.
891 2690 1031 2722 Wurin:
1068 2689 1123 2722 De
1148 2690 1244 2722 Aetii
1268 2690 1376 2722 rebus
1408 2689 1519 2733 gestis
1545 2688 1719 2721 dissertat.

174 2751 295 2794 inaug.
323 2748 471 2782 Bonnae
498 2745 596 2782 1844.
622 2757 655 2791 p.
684 2745 725 2781 13
749 2757 801 2791 sq.

248 2808 278 2849 ⁴¹)
305 2806 427 2849 Prosp.
452 2803 572 2847 Aquit.
599 2804 643 2837 ad
670 2815 751 2837 ann.
768 2803 836 2838 423
861 2803 1016 2847 (Theod.
1042 2803 1101 2836 ΧῘ.
1121 2808 1157 2837 et
1175 2803 1357 2846 Valent.):
1383 2802 1571 2846 „Castinus
1595 2803 1629 2834 in
1649 2803 1721 2834 exi-

174 2863 260 2897 lium
287 2866 386 2896 aetus
411 2866 476 2904 est,
511 2861 595 2905 quia
632 2860 832 2905 videbatur,
867 2860 1071 2895 Johannem
1109 2861 1206 2895 sine
1242 2860 1543 2896 conniventia
1579 2859 1721 2903 ipsius

174 2932 363 2965 regnum
390 2930 475 2954 non
499 2920 703 2963 potuisse
729 2928 1029 2962 praesumere.
