1924 3148
153 859 358 924 Tradidit
398 883 529 924 nobis
567 883 803 936 antiquitas
848 882 1063 935 fabulam,
1109 882 1341 936 praeclara
1377 882 1699 936 significatione

154 951 462 1003 excellentem,
494 962 609 1004 quae
640 950 876 991 multarum
905 962 1054 991 rerum
1079 954 1303 1003 gestarum
1326 956 1369 991 et
1390 959 1576 1004 operum
1600 961 1698 1003 per-

104 1010 109 1014 ’
154 1022 355 1060 actorum
393 1018 556 1058 seriem
594 1017 724 1057 unius
760 1018 951 1059 hominis
993 1017 1144 1059 robori
1183 1020 1226 1058 et
1262 1018 1410 1059 virtuti
1455 1017 1698 1058 attribuens

155 1086 271 1125 viam
303 1084 502 1125 culturae
525 1078 606 1136 (sit
634 1084 767 1125 venia
796 1084 975 1135 verbol)
1010 1084 1140 1126 nobis
1172 1085 1376 1137 ostendit,
1413 1085 1699 1139 incipientem

153 1153 198 1192 in
222 1152 357 1192 Asiae
385 1152 528 1204 litore,
561 1151 876 1204 procedentem
906 1164 988 1204 per
1007 1152 1202 1192 Africam
1234 1155 1278 1192 et
1296 1153 1523 1205 Europam
1555 1163 1699 1205 usque

154 1218 211 1260 ad
243 1217 474 1260 Oceanum
506 1221 550 1259 et
577 1218 734 1259 fretum
770 1217 1049 1260 Gaditanum.

239 1287 321 1326 Hic
352 1289 420 1327 est
446 1286 650 1327 Herculis
682 1286 872 1338 mythos,
912 1286 987 1339 qui
1019 1286 1148 1326 miles
1179 1288 1335 1326 contra
1362 1286 1484 1326 ferae
1513 1287 1700 1326 naturae

155 1356 363 1408 portenta
393 1356 436 1394 et
464 1353 675 1407 pericula,
705 1353 837 1395 litora
866 1353 1000 1394 maris
1025 1352 1338 1394 mediterranei
1357 1365 1602 1407 peragrans
1621 1352 1699 1393 fin-

155 1422 283 1475 gitur,
325 1421 393 1461 hic
425 1433 634 1474 agrorum
666 1421 882 1462 culturam
914 1422 1163 1473 instituenS,
1192 1421 1281 1461 illic
1303 1433 1397 1461 rem
1429 1420 1698 1475 pecuariam,

152 1489 225 1529 vel
263 1501 352 1542 qua
395 1492 488 1529 arte
528 1488 714 1542 paludes
753 1488 1045 1530 redderentur
1082 1489 1228 1529 siccae
1274 1488 1460 1540 docens,
1506 1492 1553 1529 ut
1584 1500 1700 1542 quae

155 1559 288 1597 antea
316 1556 420 1596 feris
450 1556 734 1609 receptacula
764 1559 808 1597 et
835 1556 1019 1597 latibula
1049 1558 1187 1609 erant,
1212 1557 1304 1608 Jam
1335 1556 1505 1596 homini
1535 1556 1700 1596 victum

157 1622 326 1673 darent,
355 1623 521 1676 ubique
551 1623 755 1664 homines
775 1623 905 1664 bonis
936 1623 1134 1664 moribus
1155 1622 1395 1675 studentes,
1427 1627 1583 1664 contra
1601 1622 1700 1663 bar-

156 1691 365 1733 barorum
395 1691 678 1746 insolentiam
709 1690 962 1732 defendisse
992 1690 1188 1731 traditur.

242 1758 588 1810 wisigothorum
611 1757 794 1798 historia
813 1757 955 1797 simile
979 1755 1145 1810 aliquid
1163 1757 1349 1810 praebet
1370 1756 1501 1798 Gothi
1521 1768 1701 1811 quoque

155 1826 383 1879 Europam
415 1829 720 1879 peragrarunt.
778 1825 1088 1879 Migrationem
1120 1825 1380 1878 incipientes
1407 1837 1434 1865 a
1462 1825 1575 1865 mari
1608 1825 1697 1865 bal·

157 1892 244 1934 tico
287 1895 331 1932 et
369 1891 563 1933 Suediae
601 1892 728 1933 terris
766 1890 1148 1946 transgrediuntur
1191 1892 1493 1933 Sarmatarum
1528 1895 1701 1933 vastam

154 1960 398 2013 planitiem,
432 1959 674 2000 adveniunt
703 1960 758 2000 ad
789 1963 974 2014 pontum
994 1960 1233 2012 Euxinum,
1272 1960 1347 2000 ubi
1375 1960 1624 2004 considunt,
1658 1963 1702 2000 ut

159 2025 216 2066 ad
247 2026 596 2068 continuandum
625 2027 721 2080 iter,
753 2025 872 2080 quod
904 2024 1052 2066 divino
1080 2026 1271 2070 ,consilio
1297 2027 1360 2067 eis
1379 2027 1701 2081 praescriptum

158 2098 266 2145 erat,
305 2094 423 2134 vires
461 2095 699 2134 firmarent.
746 2094 935 2134 Excitati
963 2106 991 2134 a
1019 2095 1131 2134 Fato
1175 2097 1394 2147 vagantur
1429 2106 1510 2146 per
1546 2098 1700 2140 terras,

155 2160 259 2201 dum
289 2160 563 2215 recipiuntur
592 2161 730 2203 territi
767 2164 811 2202 et
849 2160 1016 2215 fatigati
1046 2159 1248 2202 advenae
1276 2160 1322 2201 in
1351 2161 1558 2215 regiones
1587 2160 1701 2212 illas,

155 2239 271 2280 quae
293 2231 414 2268 trans
435 2229 688 2269 Danubium
713 2229 823 2268 sitae
847 2232 959 2268 sunt.
1010 2226 1097 2268 Ubi
1111 2228 1419 2268 Romanorum
1441 2227 1700 2268 crudelitate

153 2293 336 2334 lac-erati
374 2296 418 2334 et
457 2293 694 2335 durissima
729 2292 846 2334 fame
882 2294 1071 2345 incitati,
1110 2305 1266 2334 omnes
1305 2294 1438 2334 etiam
1478 2294 1701 2335 servitutis

156 2360 359 2405 miserias
390 2361 605 2413 perpessi,
636 2360 822 2414 gloriam
854 2360 1048 2412 tandem,
1080 2372 1107 2400 a
1126 2359 1367 2412 majoribus
1388 2363 1602 2413 paratam,
1634 2372 1700 2401 re-

155 2437 372 2479 cuperare
403 2426 592 2469 student.
653 2428 801 2482 Surgit
829 2427 1020 2482 populus
1050 2427 1334 2469 fortissimus:
1366 2426 1557 2480 trepidat
1585 2427 1701 2470 Con-

154 2494 464 2548 stantinopolis
504 2496 701 2549 gloriosa
730 2496 849 2547 urbs,
897 2508 1032 2549 quum
1069 2494 1219 2536 videat
1256 2494 1504 2536 Gothorum
1540 2507 1701 2549 agmen

154 2560 387 2601 moenibus
410 2563 798 2616 appropinquans,
829 2566 1002 2616 ponunt
1021 2565 1166 2603 castra
1186 2565 1290 2602 ante
1311 2562 1583 2602 Athenarum
1606 2576 1700 2603 mu-

153 2639 229 2669 ros
261 2631 304 2668 et
334 2628 540 2683 Spartae3
570 2630 878 2672 Romanorum
909 2629 1274 2683 superbissimam
1294 2629 1516 2670 civitatem
1538 2633 1604 2670 ter
1626 2631 1700 2670 hu-

157 2693 330 2734 miliant
359 2697 703 2748 expugnationis
733 2700 916 2738 terrore.
955 2695 1130 2737 Deinde
1160 2694 1330 2737 ltaliam
1360 2696 1595 2748 relinqunt,
1628 2697 1701 2736 Al-

154 2759 275 2811 pium
312 2767 489 2802 montes
525 2766 736 2816 superant
775 2766 820 2804 et
855 2762 1060 2805 horridos
1090 2763 1349 2815 Pyrenaeos
1391 2785 1439 2792 —
1480 2763 1715 2808 maximus,

155 2826 389 2880 exercitus,
428 2830 552 2882 quus
591 2829 751 2869 milites
789 2841 881 2870 non
910 2829 1024 2870 filios
1054 2829 1207 2870 martis
1231 2828 1418 2881 judiceS,
1463 2829 1540 2882 qui
1567 2829 1701 2869 rebus

1415 2900 1430 2933 1
