1924 3148
959 110 1013 153 37

298 247 468 302 Quibus
497 247 631 290 rebus
671 247 788 289 bene
817 247 965 300 gestis,
1008 246 1174 289 Litorio
1214 247 1379 290 bellum
1412 248 1647 290 Gothicum
1685 260 1758 303 ge-

214 313 402 357 rendum
418 314 659 362 commisit3
689 314 788 367 ipse
816 313 863 355 in
881 311 1072 356 Galliam
1101 315 1494 368 septentrionalem
1523 315 1759 369 festinavit,

213 381 290 423 ubi
305 382 615 436 Bagaudarum
647 383 792 423 motus
804 381 1096 434 ‘reprimeret,
1126 381 1249 434 quod
1278 383 1321 423 ei
1350 382 1512 424 eodem
1534 394 1654 424 anno
1669 381 1755 422 438

211 448 378 501 optime
407 448 646 502 contigisse
669 447 764 500 jam
796 447 1146 501 cognovimus.¹)

295 515 473 557 Interea
501 515 690 557 Litorius
719 514 943 556 Narbonis
988 513 1199 556 defensae
1236 515 1381 569 gloria
1422 515 1553 556 nimis
1599 515 1755 569 elatus,

209 581 315 623 dum
345 582 462 624 Aetii
496 593 570 624 res
600 583 748 635 gestas
788 592 1002 634 superare
1038 582 1219 636 appetit,
1259 582 1430 624 Gothos
1467 582 1513 622 in
1550 583 1751 636 ipsorum

280 716 368 751 Idat.
393 717 441 751 ad
465 727 547 751 ann.
564 716 732 751 Valentia
747 716 801 751 14.
825 715 941 761 (438):
966 715 1193 762 „Gothorum
1207 727 1313 751 caesa
1336 721 1419 752 octo
1446 717 1544 751 milia
1566 718 1632 751 sub
1647 718 1754 751 Aetio

218 772 344 807 du‹·e.“
391 774 598 808 Invenimus
621 775 659 807 in
682 773 912 808 Merobaudis
934 773 1159 818 Panegyrico
1184 774 1279 808 Astii
1302 784 1425 808 versus
1448 778 1656 818 sequentes:

431 830 547 873 „Hinc
571 840 728 873 quoque,
753 830 949 873 Tyrrhenis
973 840 1045 873 qua
1067 830 1233 863 fluctibus
1257 830 1333 863 ima
1355 830 1506 864 resultat

430 885 585 929 „Gallia,
610 888 646 919 et
669 885 758 918 aerii
782 884 1029 919 conscendens
1053 885 1166 919 ardua
1191 885 1323 920 montis

432 941 583 985 „Limite
606 941 777 975 nimboso
802 944 917 974 terras
940 941 1148 986 perstringit
1170 941 1332 985 Hiberas,

433 998 517 1042 „Nil
539 999 654 1032 nostri
672 999 750 1042 Jam
769 998 860 1042 juris
886 1001 973 1042 erat,
997 998 1062 1031 sed
1087 998 1240 1042 belliger
1263 999 1360 1032 ultor
1383 998 1536 1042 (Aetius)

428 1053 643 1097 „Captivum
667 1054 843 1087 reseravit
865 1055 945 1097 iter,
970 1053 1180 1098 clausasque
1203 1055 1341 1098 recepit

431 1110 618 1155 „Expulso
642 1109 831 1154 praedone
854 1112 941 1154 vias,
964 1111 1190 1155 populosque
1213 1111 1346 1146 relictis

431 1167 612 1211 „Urbibus
636 1170 673 1200 et
695 1168 800 1201 sociis
824 1167 981 1201 confinia
1003 1167 1164 1201 reddidit
1184 1168 1311 1201 arvis.“

210 1222 280 1264 Qui
304 1222 533 1257 Merobaudis
556 1233 680 1256 versus
711 1224 740 1256 si
764 1222 1030 1258 Aschbachium
1055 1234 1128 1257 non
1153 1224 1372 1268 effugissent,
1403 1225 1501 1255 certe
1532 1226 1616 1257 octo
1650 1223 1748 1256 milia

211 1278 425 1319 Gothorum,
450 1278 496 1312 de
521 1289 675 1323 quorum
698 1280 843 1313 interitu
866 1279 1026 1323 loquitur
1055 1279 1200 1323 Idatius,
1237 1289 1353 1313 anno
1384 1277 1466 1313 438
1500 1279 1537 1311 in
1563 1278 1750 1322 provincia

209 1333 439 1368 Narbonensi
461 1345 587 1370 caesos
622 1345 701 1369 esse
725 1336 933 1378 scripsisset.
982 1335 1081 1378 Quos
1105 1345 1215 1378 quum
1238 1335 1434 1378 ignoraret,
1469 1344 1589 1377 neque
1612 1334 1749 1368 bellum

211 1391 248 1422 in
272 1389 462 1424 Provincia
477 1390 706 1424 Narbonensi
727 1394 871 1434 gestum
895 1400 975 1424 esse
998 1395 1204 1433 cognosset,
1228 1390 1319 1424 falso
1343 1400 1439 1424 anno
1463 1389 1532 1423 439
1547 1389 1686 1423 Gothos
1703 1391 1749 1423 ab

208 1444 316 1479 Aetio
342 1444 501 1480 devictos
525 1455 605 1480 esse
629 1445 784 1491 colligit3
808 1445 943 1480 Idatius
968 1449 1090 1480 autem
1115 1450 1151 1480 et
1161 1445 1319 1491 Prosper
1342 1444 1388 1479 ad
1411 1455 1546 1479 annum
1571 1444 1650 1489 438,
1675 1455 1748 1480 non

208 1501 255 1534 ad
280 1512 337 1535 an.
361 1501 429 1536 439
451 1502 623 1546 scribunt,
649 1506 730 1536 octo
755 1503 854 1536 milia
878 1502 1080 1537 Gothorum
1104 1502 1150 1537 ab
1174 1502 1281 1536 Aetio
1313 1511 1440 1535 caesos
1466 1511 1555 1535 esse.
1598 1502 1749 1543 (Aschb.

211 1556 426 1590 Geschichte
451 1557 516 1591 der
536 1557 775 1603 Westgothen
800 1557 835 1593 S.
855 1557 944 1602 118.)
991 1557 1158 1593 Fortasse
1181 1557 1245 1592 illa
1256 1557 1353 1592 Aetii
1377 1556 1423 1591 de
1437 1555 1564 1592 Gothis
1578 1557 1749 1598 ‚victoria

210 1623 318 1657 quam
342 1613 582 1647 Merobaudes
612 1618 792 1649 memorat
815 1615 863 1659 (in
889 1615 1093 1658 fragmento
1118 1614 1277 1648 secundo
1310 1614 1543 1657 praefationis
1568 1613 1614 1646 ad
1638 1614 1750 1647 Pane-

209 1669 372 1712 gyricum
387 1669 499 1713 Astii)
514 1669 641 1703 eadem
668 1673 732 1714 est,
756 1680 864 1714 quam
890 1669 1022 1703 [datius
1047 1672 1083 1703 et
1095 1669 1252 1714 Prosper
1267 1668 1314 1702 ad
1337 1679 1471 1703 annum
1484 1667 1553 1703 438
1577 1669 1748 1703 referunt.

206 1726 268 1759 Ait
291 1731 409 1760 autem
430 1726 681 1762 Merobaudes:
706 1727 862 1770 „Nactus
885 1737 966 1761 sum
990 1726 1183 1771 quendam,
1207 1727 1269 1771 qui
1291 1736 1332 1761 se
1355 1726 1426 1761 tuis
1451 1727 1655 1761 recentibus
1681 1737 1741 1771 ge·

208 1783 270 1817 stis
295 1784 497 1818 interfuisse
521 1787 709 1819 memorat.
757 1783 1081 1827 „„Gothorum,“·“
1117 1784 1232 1827 inquit
1266 1793 1447 1827 „„manus
1471 1784 1641 1818 universa
1663 1793 1746 1816 cum

207 1849 296 1885 rege
320 1841 469 1885 exierat,
493 1839 660 1877 Romana
683 1841 912 1886 populatum,
936 1840 1006 1876 hoc
1029 1843 1069 1875 ut
1092 1840 1166 1875 dux
1190 1839 1420 1885 comperit““
1437 1840 1515 1885 jam
1540 1850 1614 1875 non
1640 1850 1748 1886 expe-

210 1897 313 1940 ctavi,
337 1901 376 1931 ut
391 1897 543 1931 diceret:
569 1922 590 1942 „
599 1908 836 1943 „progressus
850 1902 914 1942 est,
938 1907 1086 1931 manum
1103 1897 1324 1941 contulit;““
1347 1907 1466 1941 neque
1492 1898 1588 1930 enim
1613 1897 1702 1930 haec
1727 1908 1749 1929 a

206 1957 242 1985 te
266 1956 346 1986 acta
381 1952 602 1987 dubitabam.
651 1953 821 1996 Quaesivi
855 1955 985 1998 statim,
1016 1954 1181 1999 qualiter,
1213 1956 1411 1997 quantosve
1437 1953 1598 1986 fudisses.
1646 1952 1748 1986 Tunc

205 2009 286 2043 ille:
311 2009 410 2053 „„ad
435 2011 662 2051 montem‚““
687 2011 812 2055 inquit,
837 2021 998 2055 „„quem
1022 2010 1272 2045 Colubrarium
1297 2010 1399 2054 quasi
1422 2010 1584 2053 praescia
1607 2010 1750 2044 vocavit

206 2066 397 2109 antiquitas
427 2067 482 2109 (in
507 2077 552 2101 eo
579 2068 674 2100 enim
705 2078 799 2100 nunc
823 2057 1047 2110 reipublicae
1079 2076 1219 2100 venena
1249 2070 1429 2110 prostrata
1458 2071 1541 2099 sunt
1570 2066 1747 2108 maxima)

207 2122 362 2156 hostium
387 2126 526 2166 partem
549 2124 776 2167 improvisus,
809 2126 849 2157 ut
870 2123 977 2165 solet,
1002 2124 1081 2157 neci
1105 2122 1220 2167 dedit3
1255 2123 1415 2167 fusisque
1438 2121 1600 2166 peditum
1624 2122 1748 2165 copiis,

207 2188 300 2221 quae
325 2178 501 2222 plurimae
528 2183 641 2224 erant,
675 2181 752 2224 ipse
783 2180 945 2224 palantes
968 2183 1104 2214 turmas
1127 2182 1348 2224 persecutus,
1372 2183 1507 2212 stantes
1537 2178 1685 2220 robore,
1709 2179 1747 2211 fu

147 2245 155 2252 ·
206 2235 346 2278 gientes
369 2235 552 2270 alacritate
577 2238 800 2281 compressit,
824 2247 891 2271 nec
915 2237 1029 2271 multo
1055 2240 1137 2281 post
1159 2246 1226 2270 rex
1249 2236 1327 2280 ipse
1351 2246 1432 2269 cum
1456 2235 1603 2279 reliquis
1635 2236 1748 2278 copiis

207 2291 279 2324 suis
295 2290 420 2335 adfuit,
444 2291 655 2337 defixusque
671 2293 824 2328 horrore
842 2294 961 2328 subito
978 2292 1115 2327 calcata
1127 2302 1241 2337 prope
1254 2291 1485 2327 cadavera““
1510 2310 1552 2316 —
1569 2292 1748 2335 fragmen-

204 2351 282 2381 tum
305 2348 376 2381 hoc
399 2348 481 2382 loco
505 2349 698 2393 abruptum
722 2359 802 2383 esse
825 2349 932 2384 valde
954 2349 1130 2384 dolemus.

283 2404 310 2446 ¹)
335 2403 519 2438 L'histoire
544 2405 592 2439 du
604 2405 823 2450 Languedoc
846 2407 899 2450 (p.
915 2405 997 2449 182)
1023 2406 1215 2440 verisimile
1240 2416 1319 2439 esse
1340 2405 1448 2447 ducit,
1473 2404 1746 2449 Wisigothihoc

206 2463 372 2502 tempore
407 2459 594 2493 Turonum
630 2461 756 2494 urbem
793 2461 1001 2495 obsidentes
1023 2471 1047 2495 a
1069 2461 1269 2505 MaJoriano
1305 2461 1470 2505 rejectos
1507 2470 1596 2493 esse.
1643 2459 1746 2501 Quae

204 2515 330 2559 opinio
366 2515 483 2549 innisa
518 2520 573 2551 est
606 2518 768 2552 versibus
804 2517 867 2552 211
897 2521 933 2552 et
956 2517 1023 2552 212
1047 2518 1259 2562 Panegyrici
1295 2517 1483 2561 Maj0riani
1518 2515 1614 2560 apud
1645 2516 1745 2551 Sido-

204 2572 315 2614 nium,
350 2572 481 2614 quibus
516 2576 692 2618 narratur,
728 2574 964 2619 Majorianum
1001 2574 1206 2608 defendisse
1237 2573 1401 2607 Turones
1436 2572 1536 2607 bella
1569 2573 1746 2606 timentes.

204 2628 277 2663 Sed
312 2632 423 2674 poeta
445 2639 565 2674 neque
600 2635 742 2676 tempus
770 2631 952 2677 indicavit,
990 2641 1109 2676 neque
1132 2631 1254 2666 hostes
1293 2631 1503 2666 nominavit.
1551 2631 1745 2664 Praeterea

204 2686 339 2720 bellum
365 2687 402 2719 in
427 2687 722 2722 meridionalibus
761 2690 878 2732 potius
904 2688 1043 2723 Galliae
1064 2688 1275 2732 regionibus
1311 2692 1452 2732 gestum
1484 2697 1563 2721 esse
1595 2686 1745 2728 videtur,

204 2752 314 2787 quam
337 2743 375 2776 in
397 2743 748 2786 septentrionalibus.
798 2744 934 2788 Quibus
969 2745 1168 2780 rationibus
1197 2744 1392 2789 perductus
1415 2754 1505 2787 sum,
1542 2747 1579 2777 ut
1602 2743 1744 2777 Martini

205 2800 324 2843 potius
348 2799 512 2843 opinioni
536 2800 720 2845 accedam,
743 2802 806 2845 qui
828 2802 928 2835 illam
953 2802 1133 2836 civitatem
1156 2812 1254 2836 anno
1277 2801 1346 2838 446
1369 2802 1426 2836 vel
1452 2801 1496 2834 47
1520 2801 1565 2835 ab
1587 2800 1744 2834 Armori-

205 2857 256 2889 cis
281 2856 466 2890 obsessam
492 2866 572 2890 esse
595 2857 718 2891 statuit
741 2858 901 2903 (mm-tin,
923 2858 1080 2896 Histoire
1105 2859 1150 2893 de
1175 2858 1313 2894 France
1336 2859 1440 2894 Tom.
1463 2858 1489 2892 I.
1514 2868 1548 2901 p.
1573 2857 1670 2899 360.)
