1924 3148
939 92 966 132 4

263 217 611 270 Asehbach‘ius1)
651 217 923 259 contendere
962 217 1148 272 videtur,
1186 219 1311 260 initio
1350 231 1536 274 regnum
1577 219 1735 264 Gothi-v

178 295 279 326 cum
311 286 561 328 constitisse
591 298 648 327 ex
672 285 902 340 provincia
928 285 1168 340 Aquitania
1196 286 1394 328 secunda
1424 290 1561 341 (quae
1591 285 1728 328 conti-

178 343 315 394 nebat
345 365 426 395 sex
456 354 675 405 civitates)
707 357 750 395 et
780 365 805 395 e
836 353 1012 395 civitate
1041 354 1223 408 Tolosa,
1262 355 1327 407 (in
1358 354 1589 409 provincia
1615 353 1726 396 Nar-

178 419 370 460 bonensi
400 422 545 474 prima
570 422 692 474 sita);
722 422 913 474 eamque
943 422 1178 474 septimam
1209 423 1430 463 civitatem
1450 423 1606 475 fuisse3
1637 432 1727 474 quo

179 485 237 528 de
266 500 454 530 numero
487 488 779 530 derivandum
810 500 911 530 esse
940 500 1105 530 nomen
1138 487 1462 543 Septimaniaez,
1493 489 1616 542 cujus
1639 487 1725 541 pri-

177 567 300 594 mum
332 557 604 597 mentionem
636 556 795 597 fecisse
825 555 1056 597 Sidonium
1087 556 1458 610 Apollinarem.‘²)

264 622 323 664 At
362 623 490 677 hujus
520 623 768 665 sententiae
798 623 1037 664 vanitatem
1067 624 1261 677 probare
1290 624 1409 665 haud
1439 623 1615 664 difficile
1646 624 1726 662 est.

175 690 321 731 Etiam
360 691 396 730 si
435 689 685 732 concedere
715 690 889 742 vellem,
929 694 1099 745 septem
1139 694 1308 732 tantum
1339 691 1537 732 civitates
1570 688 1726 731 Gothis

178 769 417 799 concessas
448 758 597 810 fuisse,
628 758 933 811 Septimaniae
962 770 1129 800 nomen
1159 763 1262 813 post
1284 758 1531 800 Gothorum
1562 756 1725 797 adven-

176 828 269 864 tum
298 825 527 865 inventum
559 836 659 865 esse
689 825 786 866 sine
816 825 907 867 ullo
939 824 1074 866 dubio
1104 825 1360 879 negandum
1388 827 1519 866 esset.
1559 823 1726 864 Plinius

178 891 298 932 enim
336 895 379 932 et-
414 892 691 945 Pomponius
725 891 845 933 Mela
884 893 978 945 jam
1016 896 1120 933 ante
1158 893 1328 934 Gothos
1366 892 1725 945 Septimanorum

177 971 343 1000 nomen
375 959 583 1000 usitatum
614 958 751 1000 fuisse
781 958 1036 1013 probant.³)
1097 958 1185 1001 Sed
1205 971 1263 1000 ne
1282 958 1399 1000 istud
1421 957 1600 1012 quidem
1622 969 1724 998 con-

176 1024 275 1066 cedi
305 1028 464 1079 potest.
523 1026 639 1067 Nam
671 1038 697 1067 e
726 1026 937 1079 Prosperi
968 1030 1012 1067 et
1040 1026 1202 1069 Isidori
1231 1026 1379 1067 verbis
1411 1025 1567 1078 elucet,
1596 1036 1724 1078 prae-

176 1096 243 1134 ter
273 1092 541 1146 Aquitaniae
579 1092 805 1134 secundae
845 1105 924 1134 sex
964 1093 1162 1134 civitates
1199 1105 1292 1135 non
1330 1105 1465 1134 unam
1503 1092 1724 1133 civitatem

177 1171 234 1200 ex
263 1160 459 1200 finitimis
490 1160 729 1213 provinciis
762 1160 917 1201 Gothis
948 1160 1152 1201 traditam
1185 1172 1298 1213 esse,
1329 1160 1408 1201 sed
1438 1160 1602 1213 plures.

319 1226 447 1280 Quae
478 1227 651 1279 suerint,
682 1226 908 1268 nonnullis
938 1226 1086 1267 verbis
1118 1227 1342 1280 explicare
1373 1225 1581 1267 studebo:

261 1292 528 1347 Quicunque
556 1294 752 1335 intuetur
780 1294 976 1335 tabulam
1006 1294 1365 1348 geographicam‚
1396 1294 1441 1334 in
1471 1305 1560 1346 qua
1580 1292 1726 1334 Gallia

176 1359 353 1413 depicta
389 1363 468 1411 est,
513 1363 561 1400 ut
598 1361 779 1401 saeculo
820 1361 972 1414 quinto
1014 1360 1156 1401 divisa
1194 1364 1309 1414 erat,
1357 1360 1605 1414 intelligere
1650 1358 1722 1400 de-

175 1428 269 1481 bet,
330 1427 543 1469 Tolosam
600 1428 706 1469 novi
762 1428 890 1482 regni
945 1432 1079 1482 caput
1132 1441 1225 1470 non
1273 1428 1429 1480 fuisse,
1487 1427 1574 1468 nisi
1620 1426 1723 1466 vici-

175 1495 243 1534 nis
290 1496 422 1534 etiam
473 1495 762 1547 provinciae,
820 1496 1256 1548 Novempopulanae
1295 1495 1541 1536 civitatibus
1581 1506 1608 1534 a
1636 1494 1724 1534 Ro-

174 1561 320 1601 manis
359 1561 599 1603 concessis.
672 1561 789 1602 Urbs
830 1561 948 1603 enim
986 1562 1031 1602 in
1069 1562 1225 1603 ultima
1263 1565 1408 1603 terrae
1447 1561 1724 1602 extremitate

174 1628 259 1668 sita
295 1639 445 1680 neque
485 1629 722 1680 conjuncta
759 1640 860 1668 cum
900 1632 1049 1668 cetera
1085 1632 1226 1681 parte,
1270 1629 1355 1668 nisi
1398 1640 1480 1681 per
1515 1628 1723 1668 laciniam

176 1697 426 1748 angustam,
457 1694 564 1735 novi
595 1694 721 1748 regni
750 1697 884 1748 caput
914 1706 1014 1735 esse
1043 1707 1135 1736 non
1164 1698 1323 1748 potest.

262 1761 396 1814 Atqui
426 1761 641 1802 Tolosam
672 1761 918 1803 Gothorum
959 1765 1092 1815 caput
1127 1762 1264 1803 fuisse
1295 1763 1390 1816 jam
1426 1762 1551 1804 initio
1582 1762 1722 1816 regni,

173 1827 429 1870 Jornandes
460 1831 517 1880 (c.
551 1826 625 1879 32)
655 1827 827 1882 probat.
887 1829 1006 1883 Ergo
1048 1829 1181 1870 etiam
1219 1830 1318 1871 sine
1354 1841 1502 1871 rerum
1541 1830 1723 1884 scripto-

174 1910 274 1937 rum
305 1896 567 1938 auctoritate
597 1895 871 1937 credendum
892 1900 1030 1938 esset:
1062 1897 1232 1937 vicinas
1252 1897 1512 1950 provinciae
1530 1898 1572 1939 N
1575 1909 1722 1939 ovem-

173 1963 432 2018 populanae
463 1962 661 2004 civitates
693 1963 848 2005 Gothis
879 1975 1117 2005 concessas
1149 1976 1261 2006 esse.
1337 1963 1425 2006 Sed
1459 1964 1725 2019 scriptorum

174 2032 308 2072 etiam
340 2031 602 2072 auctoritate
630 2031 870 2072 innitimur.
930 2031 1161 2072 Traditum
1191 2032 1309 2073 enim
1342 2039 1421 2084 est,
1452 2044 1572 2073 anno
1593 2031 1722 2085 439⁴)

175 2111 264 2152 quo
299 2098 559 2140 Gothiscum
589 2097 805 2139 Romanis
835 2098 1001 2139 bellum
1041 2102 1149 2152 erat,
1188 2099 1247 2141 St.
1281 2097 1529 2141 Orientium
1554 2099 1723 2153 episco-

173 2179 280 2219 pum
320 2166 572 2206 Auscorum
611 2158 746 2218 (quae
784 2165 937 2206 civitas
973 2167 1018 2205 in
1058 2166 1290 2219 provincia
1318 2165 1724 2219 Novempopulana

174 2233 288 2286 sita),
319 2232 567 2285 subjectum
598 2232 809 2286 potestati
838 2232 1107 2274 Theodorici
1135 2232 1268 2287 regis,
1305 2232 1500 2287 legatum
1538 2233 1723 2274 missum

174 2312 276 2341 esse
304 2300 348 2341 in
382 2303 529 2340 castra
559 2300 780 2350 Romana,
810 2299 887 2340 ubi
917 2300 1196 2341 conditiones
1227 2300 1351 2357 pacis
1382 2300 1560 2341 offerret
1590 2303 1634 2341 et
1652 2312 1722 2340 ac-

174 2365 404 2420 ciperet.⁶)
480 2366 581 2420 Qua
618 2378 668 2407 re
705 2365 932 2419 probatur,
973 2367 1143 2408 Gothos
1183 2367 1317 2407 etiam
1347 2366 1604 2419 provinciae
1633 2366 1722 2407 No-

172 2434 534 2487 vempopulanae
577 2438 749 2487 partem
797 2432 991 2487 aliquam
1035 2433 1277 2487 accepisse,
1322 2433 1418 2474 sine
1456 2433 1546 2475 ullo
1587 2433 1721 2475 dubio

174 2501 397 2541 civitatem
420 2500 684 2542 Auscorum.
736 2500 988 2541 Vasaticam
1005 2501 1137 2542 etiam
1155 2501 1376 2542 civitatem
1394 2500 1593 2555 ejusdem
1623 2512 1721 2554 pro-

251 2623 284 2665 ¹)
309 2623 512 2656 Asehbach.
550 2622 765 2657 Gesehichte
791 2623 856 2656 der
879 2623 1129 2668 Westgothen‚
1153 2635 1235 2670 pag.
1269 2624 1330 2657 110
1353 2629 1390 2658 et
1415 2624 1490 2658 lll.

246 2682 279 2720 9)
305 2679 427 2714 Sidon.
465 2679 587 2723 Apoll.
614 2680 715 2723 epist.
743 2679 795 2713 la.
820 2680 901 2713 libri
926 2681 986 2714 111.
1013 2681 1058 2714 ad
1085 2681 1231 2715 Avitum
1257 2681 1330 2724 (ed.
1357 2680 1593 2723 Sirmondus).

248 2737 280 2778 ⁸)
306 2736 442 2770 Plinius
466 2735 555 2770 Hist.
579 2736 660 2770 Nat.
685 2736 746 2770 111.
772 2736 792 2770 5
816 2736 942 2781 Pomp.
968 2737 1062 2771 Mela
1086 2738 1127 2773 11.
1154 2738 1185 2771 5.

245 2792 281 2834 ⁴)
308 2792 473 2826 Bolland.
499 2792 544 2826 ad
571 2794 677 2836 primi
700 2793 784 2837 Maji
808 2792 916 2827 diem.
966 2793 1048 2828 Vita
1071 2794 1120 2829 St.
1147 2794 1307 2829 Orientii.

247 2850 278 2893 ⁶)
304 2849 358 2884 Cf.
383 2860 467 2895 pag.
492 2848 537 2885 38
563 2854 599 2884 et
623 2849 668 2885 39
693 2859 746 2894 sq.
772 2849 877 2894 hujus
902 2849 1026 2885 libelli.
