1924 3148
947 188 997 229 19

193 327 278 367 this
311 326 594 368 observatum
626 321 827 364 videntes
859 324 961 376 Jure
991 323 1310 375 concludimus,
1350 334 1503 363 eorum
1541 321 1738 363 indolem

195 396 240 434 et
268 392 494 447 ingenium
518 389 583 430 rei
613 390 852 443 pecuariae
869 390 1010 445 magis
1040 390 1247 443 savuisse,
1279 402 1411 444 quam
1429 389 1737 444 agriculturae.

278 457 478 511 Vectigal
494 468 575 509 pro
608 457 704 497 solo
737 458 833 510 agri
850 458 1083 511 Wisigothi
1103 470 1195 498 non
1212 457 1464 504 solvebant3
1498 455 1618 510 quod
1636 455 1737 509 lege

195 525 246 567 16
278 526 337 567 tit.
373 523 391 565 l
425 523 521 565 libr.
552 523 594 564 X
623 523 806 577 probari
835 523 1032 566 Lembke
1063 523 1276 576 docuit.¹)
1334 524 1458 565 Haec
1497 526 1599 565 sunt
1625 523 1737 576 legis

191 595 307 634 illius
350 592 509 632 verba:
556 591 764 643 „Judices
815 592 1087 646 singularum
1132 592 1382 644 civitatum,¹
1424 590 1558 631 villici
1603 593 1738 643 atque

197 658 439 715 praepositi
473 658 621 699 tertias
641 658 950 700 Romanorum
981 659 1037 700 ab
1066 659 1165 709 illis,
1197 659 1272 713 qui
1302 661 1541 712 occupatas
1573 659 1737 708 tenent,

193 728 412 779 auferant,
439 728 483 766 et
512 725 729 767 Romanis
760 737 842 766 sua
871 726 1105 768 exactione
1135 726 1232 767 sine
1262 726 1412 780 aliqua
1427 724 1640 766 dilatione
1669 735 1735 764 re-

197 795 396 836 stituant:
430 795 485 833 ut
514 792 653 833 nihil
682 793 822 835 fisco
856 792 1053 835 debeat
1083 793 1383 847 deperire.“

276 860 461 901 Tributa
473 860 782 901 Romanorum
811 860 926 901 inter
955 861 1172 903 barbaros
1209 860 1462 915 degentium
1494 857 1734 901 admodum

190 930 339 970 levata
369 940 469 969 esse
489 941 580 970 non
613 928 785 983 dubito:
816 930 943 970 aliter
973 931 1090 970 enim
1114 930 1340 983 explicare
1370 940 1459 969 non
1483 937 1734 981 possumus,

191 1008 280 1049 qua
317 995 489 1037 ratione
520 995 753 1036 Salvianus
792 999 835 1037 et
866 995 1052 1038 Orosius
1090 996 1290 1050 perducti
1329 996 1427 1048 sint,
1466 998 1513 1035 ut
1548 991 1736 1047 pauperi

189 1062 380 1103 libertati
410 1074 579 1114 eorum,
611 1064 687 1115 qui
714 1063 830 1103 inter
841 1063 1060 1104 ,barbaros
1091 1063 1325 1116 degebant,
1356 1061 1628 1102 tributariam
1649 1058 1734 1099 sol·

189 1127 462 1169 licitudinem
494 1140 663 1182 eorum,
695 1129 770 1182 qui
799 1129 987 1183 imperio
1019 1130 1205 1184 subjecti
1226 1132 1364 1182 erant,
1397 1117 1733 1182 opponere11t.2)

273 1196 398 1237 Haec
429 1195 485 1236 de
516 1195 745 1237 divisionis
776 1197 950 1238 ratione
980 1208 1033 1237 ac
1062 1196 1198 1239 modo
1231 1196 1347 1237 dicta
1363 1195 1600 1246 sufficiant,
1628 1192 1733 1233 luci-

191 1262 295 1303 dum
325 1274 472 1303 rerum
504 1262 743 1317 imaginem
776 1263 883 1305 dare
912 1277 1003 1306 non
1033 1276 1295 1318 possumus,
1332 1276 1467 1318 quum
1498 1262 1555 1303 de
1586 1260 1732 1302 multis

189 1334 322 1384 atque
358 1331 531 1385 magnis
569 1331 717 1385 rebus,
763 1344 879 1386 quae
917 1331 1180 1374 divisionem
1219 1332 1451 1386 pertinent,
1495 1329 1733 1382 scriptores

188 1398 249 1438 nil
281 1397 515 1438 tradidisse
547 1397 764 1453 dolemus,
801 1402 893 1440 tum
925 1398 981 1440 de
1010 1399 1208 1440 maxima
1235 1399 1312 1440 illa
1352 1398 1549 1440 omnium
1580 1407 1728 1437 rerum

188 1465 539 1518 perturbatione,
586 1478 701 1518 quae
747 1465 983 1507 adventum
1019 1467 1264 1508 Gothorum
1310 1470 1354 1506 et
1393 1464 1731 1518 occupationem

188 1535 334 1572 terrae
365 1532 492 1585 sequi
523 1532 726 1573 debebat.

271 1599 454 1651 Urbani,
485 1603 770 1653 mercatores,
802 1601 1004 1652 artifices,
1044 1601 1226 1654 opifices
1256 1601 1425 1640 nullum
1456 1600 1731 1640 fortunarum

189 1665 401 1706 damnum
417 1666 611 1719 subiere,
643 1670 825 1708 econtra
851 1667 1048 1708 infinitae
1072 1666 1360 1708 multitudinis
1385 1666 1558 1707 invasio
1587 1675 1731 1706 novos

188 1736 413 1786 emptores
459 1733 522 1773 eis
568 1733 780 1774 afferebat
823 1739 866 1775 et
910 1735 984 1787 qui
1031 1735 1237 1787 opificum
1293 1746 1432 1788 opera
1473 1733 1729 1784 utebantur,

188 1812 336 1854 neque
367 1812 445 1842 eos
484 1812 647 1854 magna
682 1800 988 1843 misericordia
1017 1802 1279 1843 miserorum
1317 1802 1582 1843 rusticorum
1612 1811 1730 1841 com-

187 1871 333 1909 motos
364 1868 500 1908 fuisse
530 1868 770 1908 verisimile
801 1872 880 1908 est.
941 1867 979 1910 O
1001 1870 1191 1910 miseros
1214 1870 1419 1910 rusticos!
1453 1869 1730 1922 Repraesen-

187 1938 252 1975 tes
269 1935 419 1988 menti,
437 1938 538 1976 tuae
555 1935 709 1985 amice,
743 1934 969 1977 dominum
991 1936 1255 1988 Romanum,
1273 1936 1489 1990 hospitem
1514 1935 1727 1976 Gothum:

186 2002 316 2042 Hunc
346 2003 552 2044 ferociter
581 2007 855 2056 poscentem,
895 2003 1015 2057 quod
1045 2007 1114 2044 sui
1137 2004 1250 2057 juris
1280 2015 1380 2045 esse
1409 2006 1545 2057 putat,
1591 2001 1728 2053 illum,

187 2081 215 2109 a
244 2070 427 2123 propria
459 2070 690 2124 republica
719 2069 956 2124 desertum,
995 2072 1159 2111 avitum
1195 2075 1357 2112 tectum
1390 2074 1432 2112 et
1469 2071 1587 2111 lares
1623 2069 1728 2110 ami-

186 2148 263 2177 cos
294 2138 441 2178 verbis
472 2138 628 2178 saltem
661 2141 705 2178 et
733 2138 839 2177 rixis
871 2137 1111 2179 defendere
1142 2142 1391 2179 conantem.
1454 2138 1510 2179 At
1538 2135 1726 2177 s1nedu-

185 2203 258 2244 bio
290 2216 427 2257 saepe
457 2204 704 2258 eveniebat,
746 2208 795 2245 -ut
826 2204 994 2246 Gothus
1023 2205 1215 2246 irritatus
1246 2206 1334 2245 vim
1366 2205 1606 2250 adhiberet,
1654 2203 1728 2243 ubi

185 2271 324 2311 verba
354 2270 551 2325 deerant,
587 2275 630 2312 et
660 2272 913 2313 Romanum
945 2261 1254 2325 desperantem
1288 2284 1344 2313 ex
1375 2284 1430 2313 ea
1461 2272 1593 2313 etiam
1624 2283 1725 2325 pos-

185 2337 397 2379 sessionis
435 2341 562 2392 parte
602 2339 857 2393 expelleret,
904 2351 1036 2393 quam
1074 2339 1173 2393 ipsa
1211 2339 1322 2380 dura
1357 2340 1505 2393 pactio
1551 2338 1727 2391 asylum

184 2405 471 2446 constituerat
499 2407 864 2461 (cf.Leg.Wisig.
895 2407 947 2447 X.
979 2408 1038 2448 tit.
1067 2407 1083 2446 l
1118 2407 1145 2448 l.
1181 2406 1261 2461 16).
1322 2408 1421 2462 Quo
1453 2407 1615 2448 factum
1647 2409 1726 2458 est,

183 2475 231 2513 ut
260 2472 385 2513 multi
411 2474 601 2526 patriam
632 2475 882 2528 relinquere
913 2478 956 2515 et
984 2475 1030 2515 in
1061 2480 1179 2516 terra
1215 2475 1362 2515 aliena
1392 2475 1546 2515 exules
1575 2474 1727 2514 vivere

184 2542 460 2592 cogerentur.
539 2542 711 2582 Durum
762 2542 962 2596 profecto
1015 2541 1260 2583 saeculum!
1315 2541 1450 2583 duros
1504 2541 1724 2583 homines!

184 2605 317 2646 duras
348 2618 435 2658 reS,
466 2620 576 2660 quas
608 2610 781 2649 animus
811 2610 1029 2650 humanus
1060 2610 1210 2650 mallet
1239 2610 1495 2662 praeterire.

268 2671 355 2712 Sed
386 2671 514 2713 datur
542 2674 672 2715 nobis
704 2687 731 2715 a
761 2675 1030 2728 Salviano,³)
1062 2680 1109 2716 ut
1145 2676 1205 2716 ita
1243 2675 1401 2728 dicam,
1432 2676 1633 2717 solamen
1659 2675 1725 2727 ju-

256 2829 284 2870 ¹)
309 2827 487 2862 Lembke:
514 2828 729 2864 Geschichte
753 2830 928 2875 Spaniens
951 2830 1053 2865 Band
1085 2831 1111 2865 l.
1135 2842 1218 2876 pag.
1249 2830 1322 2866 193.

255 2884 286 2924 ²)
311 2883 458 2918 Orosius
483 2885 544 2919 lib.
570 2885 647 2920 VII.
673 2898 702 2920 c.
728 2887 768 2920 41
797 2888 892 2921 Salv.
918 2888 963 2921 de
988 2888 1072 2932 gub.
1099 2888 1166 2922 Dei
1191 2890 1334 2932 passim.

256 2940 286 2982 ³)
311 2940 356 2974 de
382 2941 560 2985 gub-Dei
583 2942 645 2977 lib.
673 2943 747 2976 V11.
774 2954 808 2988 p.
836 2943 911 2978 132.
