1924 3148
914 117 968 158 34

120 271 124 275 ·
166 255 380 297 momenti
402 257 468 295 est
484 253 730 294 secundum
753 251 1086 305 Loebellium,¹)
1117 255 1164 294 ut
1183 253 1340 294 harum
1363 252 1628 294 seditionum
1646 264 1715 293 su-

164 322 256 363 bita
292 321 417 362 initia
445 323 688 375 vastosque
719 324 874 362 auctus
913 320 1019 361 satis
1051 320 1261 374 explices,
1322 320 1467 375 Quam
1504 319 1715 362 mobilem

165 393 208 430 et
238 400 458 429 novarum
488 400 637 429 rerum
670 387 877 441 cupidam
901 387 1129 428 Gallorum
1162 387 1360 429 indolem
1380 387 1716 430 considerantes

163 455 450 510 intelligimus
492 466 692 510 quoque,
739 467 828 508 quo
868 455 1033 495 factum
1064 455 1142 507 sit,
1185 458 1252 497 ut.
1299 456 1502 509 quamvis
1544 455 1716 496 inerme

164 526 284 563 esset
323 523 559 576 imperium
592 522 860 574 Romanum,
907 522 1108 575 quamvis
1148 522 1387 564 continuae
1425 521 1715 563 barbarorum

162 590 443 630 incursiones
474 592 518 630 et
552 587 939 641 depraedationes,
971 588 1095 628 brevi
1125 591 1329 642 tempore
1355 589 1715 642 reprimerentur.
1741 592 1744 594 ’

246 654 420 697 Eodem
453 667 586 708 anno,
627 666 715 708 quo
750 654 883 696 Gothi
914 658 958 696 et
987 654 1330 709 Burgundiones
1369 655 1535 697 bellum
1564 666 1714 696 move-

164 723 273 762 bant
303 726 460 763 contra
478 722 712 762 Romanos
743 720 845 773 (436
862 735 904 775 p.
924 722 1025 763 Chr.
1050 724 1114 772 n.)
1145 722 1387 776 Bagaudae
1418 733 1597 775 quoque
1613 733 1715 762 con-

162 789 393 842 spiravere
414 790 570 829 contra
589 787 924 841 rempublicam.
983 788 1117 830 Anno
1134 786 1233 841 438,
1265 792 1502 842 postquam
1518 789 1715 842 Burgun-

163 855 322 898 diones
339 855 705 908 conquieverunt,
736 855 891 895 Aetius
908 858 1064 897 contra
1080 867 1158 897 eos
1175 856 1340 896 bellum
1358 856 1506 909 gessit.
1552 855 1714 909 Quam-

163 934 295 976 quam
328 920 640 975 expeditiones
670 924 826 963 contra
857 934 949 975 eOS,
990 922 1066 976 qui
1095 922 1141 963 in
1171 925 1345 964 montes
1384 922 1641 964 inaccessos
1672 924 1715 962 ct

161 990 287 1031 locos
316 989 461 1029 invios
491 989 881 1042 appropinquante
919 989 1049 1030 hoste
1079 1001 1179 1030 sese
1210 989 1475 1042 reciperent,
1514 988 1711 1029 difficilli-

161 1068 265 1097 mae
295 1059 457 1108 essent,
488 1056 797 1097 Romanorum
830 1059 978 1096 tamen
997 1055 1097 1096 duci
1131 1056 1253 1096 brevi
1284 1060 1488 1109 tempore
1519 1055 1713 1108 contigit,

163 1126 210 1162 ut
238 1122 508 1163 rebellantes
532 1122 817 1175 opprimeret.
877 1122 1098 1163 Tibatone
1119 1125 1249 1175 capto
1282 1126 1326 1162 et
1346 1122 1505 1163 ceteris
1536 1121 1709 1162 seditio-

161 1189 231 1229 nis
261 1189 536 1243 principibus
565 1189 723 1242 partim
756 1189 912 1243 caesiS,
944 1189 1101 1243 partim
1126 1189 1295 1235 vinctis,
1329 1189 1591 1231 colonorum
1621 1187 1713 1228 irri-

163 1257 240 1297 tati
272 1257 410 1297 animi
439 1256 603 1309 placati
633 1255 786 1309 sunt.²)

248 1322 420 1376 Quibus
451 1323 585 1363 rebus
622 1334 839 1376 prospere
870 1323 1076 1376 peractis,
1114 1322 1373 1364 Armoricos
1413 1321 1712 1375 subjiciendos

163 1401 263 1429 esse
281 1389 435 1430 Aetius
452 1389 647 1443 putabat.
694 1388 780 1443 Qui
796 1390 1027 1443 regionem
1044 1389 1160 1429 intra
1174 1389 1363 1442 Ligerim
1381 1389 1557 1429 fluvium
1577 1392 1620 1430 et
1640 1389 1714 1430 Se-

165 1468 358 1510 quanam
378 1459 422 1496 et
442 1467 566 1497 mare
583 1456 711 1496 sitam
727 1457 975 1498 incolentes
991 1458 1083 1509 jam
1106 1468 1224 1497 anno
1241 1454 1325 1496 408
1340 1456 1412 1496 vel
1427 1454 1509 1495 409
1525 1457 1568 1496 in
1585 1455 1713 1496 liber-

162 1526 297 1564 tatem
315 1534 365 1563 se
384 1522 732 1564 vindicaverant.
791 1523 950 1563 Paucis
969 1522 1098 1563 annis
1118 1525 1221 1576 post
1237 1522 1292 1563 ab
1309 1523 1613 1576 Exuperantio
1631 1522 1712 1562 sub

162 1590 415 1631 Romanam
439 1588 652 1630 ditionem
682 1589 863 1642 redacti,
894 1592 942 1629 ut
969 1593 1095 1630 erant
1123 1589 1303 1642 ingenio
1325 1601 1542 1630 novarum
1564 1602 1713 1630 rerum

163 1656 340 1710 cupido,
362 1668 657 1710 quaecunque
679 1655 941 1697 defectionis
959 1656 1135 1696 accasio
1157 1666 1258 1696 sese
1276 1656 1531 1709 praebebat,
1549 1668 1603 1697 ea
1620 1660 1710 1697 ute-

163 1723 337 1764 bantur.
360 1723 604 1763 Recentem
623 1722 919 1763 defectionem
936 1725 980 1781 et
994 1721 1152 1763 foedus
1169 1734 1268 1762 cum
1288 1722 1444 1763 Gothis
1461 1723 1713 1776 utipuniret,

163 1789 319 1830 Aetius
357 1789 478 1829 misit
506 1789 718 1830 Litorium
750 1789 795 1829 in
835 1801 991 1830 eorum
1022 1791 1206 1840 terram,
1239 1789 1314 1842 qui
1353 1801 1431 1829 eos
1461 1789 1714 1842 perdomuit

163 1857 508 1908 commovitque,
539 1859 587 1896 ut
615 1855 773 1896 foedus
804 1867 905 1895 cum
937 1856 1092 1896 Gothis
1122 1856 1277 1895 initum
1310 1855 1579 1897 desererent.
1590 1856 1619 1908 ³)

247 1921 405 1964 Eidem
422 1922 601 1974 Litorio,
633 1922 728 1963 viro
759 1922 860 1964 forti
877 1925 921 1962 et
951 1922 1100 1973 alacri,
1132 1922 1328 1975 quivero
1361 1922 1614 1976 magnailla
1628 1923 1709 1963 vir-

163 1993 252 2030 tute
284 1989 609 2043 temperantiae
639 1989 832 2041 carebat,
873 1989 1029 2030 Aetius
1063 1989 1227 2030 bellum
1263 1989 1498 2030 Gothicum
1531 1990 1710 2031 commi-

163 2060 294 2110 serat,
326 2056 430 2098 dum
461 2057 559 2111 ipse
587 2057 632 2097 in
656 2057 802 2099 Gallia
831 2057 1168 2110 septentrionali
1199 2060 1355 2098 contra
1370 2057 1710 2111 Burgundiones

163 2128 206 2165 et
235 2123 471 2177 Bagaudas
502 2127 685 2177 pugnat.

245 2191 344 2233 Hoc
376 2191 540 2232 bellum
586 2191 683 2232 sine
715 2190 849 2232 dubio
882 2190 1192 2244 gravissimum
1232 2194 1299 2232 est
1330 2192 1528 2233 omnium
1572 2192 1709 2233 bello-

160 2271 272 2310 rum,
313 2269 429 2311 quae
458 2257 740 2299 Theodorico
780 2269 887 2311 rege
918 2269 945 2298 a
977 2258 1133 2299 Gothis
1171 2261 1327 2299 contra
1355 2258 1586 2299 Romanos
1617 2270 1708 2298 sus·

162 2327 292 2378 cepta
321 2328 442 2378 sunt3
473 2325 557 2366 hoc
589 2326 707 2366 enim
730 2328 955 2365 certamen
987 2328 1095 2378 erat,
1127 2337 1214 2378 quo
1247 2324 1598 2366 contendebatur
1618 2338 1708 2367 non

162 2404 244 2445 pro
276 2391 419 2444 gloria
457 2391 677 2445 augenda,
717 2391 795 2432 sed
835 2403 917 2444 pro
948 2392 1184 2444 penatibus
1223 2395 1266 2432 et
1296 2391 1519 2445 libertate3
1564 2404 1710 2445 neque

239 2529 262 2559 ¹)
289 2524 450 2559 Loebell.
477 2525 620 2569 Gregor
645 2536 674 2559 v.
702 2525 817 2560 Tours
843 2525 915 2559 und
941 2526 1042 2559 seine
1067 2525 1153 2559 Zeit.
1178 2536 1262 2570 pag.
1287 2525 1424 2561 86-88

235 2581 266 2624 ⁹)
293 2582 414 2626 Prosp.
441 2582 526 2617 Tiro
552 2581 598 2617 ad
622 2592 679 2616 an.
710 2582 760 2615 12.
788 2580 841 2615 13.
872 2582 922 2615 14.
970 2581 1179 2616 Theodosii.
1204 2602 1248 2607 —
1273 2583 1501 2616 Merobaudis

232 2637 495 2682 Panegyricum
521 2638 618 2672 Astii
642 2649 674 2674 V.
704 2637 764 2672 151
795 2641 831 2672 et
854 2648 930 2682 seq.

233 2694 263 2736 ³)
288 2694 412 2728 Sidon.
438 2695 559 2739 Apoll.
586 2695 779 2739 (Panegyr,
807 2695 904 2728 Aviti
929 2706 962 2728 v,
986 2694 1055 2728 446
1068 2706 1101 2728 u.
1118 2694 1190 2738 47).
1238 2695 1412 2730 Litorium
1427 2696 1508 2729 huic
1532 2696 1566 2728 in
1593 2695 1710 2728 rebel-

161 2751 213 2783 les
250 2750 462 2784 Armoricos
499 2751 722 2794 expeditioni
766 2751 989 2794 praefectum
1027 2751 1138 2784 fuisse
1178 2755 1317 2795 narrat,
1358 2751 1609 2794 Merobaudes,
1650 2752 1711 2795 qui

161 2807 305 2841 Aetium
329 2807 479 2840 laudare
494 2807 562 2841 sibi
586 2808 844 2852 proposuisset,
869 2807 1023 2852 gloriam
1049 2808 1136 2842 finiti
1160 2808 1249 2842 belli
1266 2808 1442 2842 Armorici
1460 2808 1568 2842 Aetio
1595 2807 1708 2841 vindi-

160 2868 227 2897 cat.
253 2864 315 2904 (cs.
339 2864 477 2898 Merob.
503 2864 680 2909 Pancgyr.
705 2864 801 2898 Antii
826 2875 859 2897 v.
885 2863 1028 2907 8-15).
