1924 3148
948 161 998 203 21

206 299 485 353 jurisdiction
523 311 599 340 sur
628 301 750 340 toute
779 298 823 339 la
852 299 994 352 partie
1029 297 1108 339 des
1141 299 1305 339 Gaules
1327 299 1465 340 cedee
1496 299 1524 339 a
1552 311 1627 340 ces
1647 312 1753 353 peu-

207 367 347 421 ples.“
404 368 530 409 Haec
558 367 756 406 statuens
776 364 1010 408 L'histoire
1040 364 1100 405 du
1130 366 1265 420 Lang.
1296 366 1495 407 innititur
1523 366 1569 406 in
1599 366 1755 408 notitia

208 433 471 488 dignitatum
500 431 639 486 (apud
669 431 729 472 du
750 432 926 474 Cherne
956 433 1083 474 Tom.
1115 432 1147 472 Ι.
1179 445 1222 486 p.
1248 434 1315 486 l);
1348 444 1464 487 quae
1483 434 1598 475 inter
1626 444 1752 487 prae-

206 500 326 543 sides
356 500 686 555 provinciarum
716 504 938 543 memorat
964 500 1218 554 praesidem
1248 501 1517 554 Aquitaniae
1546 502 1647 542 Hae.
1708 501 1752 541 Si

206 570 334 623 huJus
364 568 623 622 provinciae
652 578 835 621 praeses
865 568 911 608 in
941 579 1080 622 regno
1104 567 1292 610 Gothico
1324 567 1752 609 administrationem

207 639 251 677 et
279 639 542 690 potestatem
562 636 848 688 exercuisset,
878 636 1006 688 hujus
1021 636 1148 688 regni
1177 635 1407 677 relationis
1429 635 1486 675 ad
1515 635 1751 689 imperium

207 714 338 754 nova⁷
384 703 430 741 ut
458 700 519 741 ita
549 700 707 755 dicam,
737 701 837 743 luce
866 701 1209 743 illustrarentur:
1254 714 1335 744 rex
1366 702 1483 743 enim
1515 697 1751 743 aestiman-

208 769 290 809 dus
321 771 439 809 essct
468 768 698 808 Romanus
728 772 897 808 tantum
929 768 1031 818 dux,
1063 769 1134 809 cui
1151 768 1472 810 administratio
1504 771 1649 810 terrae
1680 780 1750 809 oc—

208 838 396 887 cupatae
426 846 517 875 non
548 845 765 875 concessa
779 838 908 888 esset,
939 838 1117 888 praeter
1146 846 1332 888 regnum
1365 834 1421 876 de
1441 834 1746 888 popularibus.

207 900 295 942 Sed
327 912 594 954 quamquam
627 904 721 942 erat
751 913 806 942 ex
840 902 1052 955 opinione
1082 901 1340 956 Caesarum,
1379 905 1519 943 terras
1549 901 1750 943 barbaris

208 979 445 1009 concessas
492 969 750 1009 societatem
798 969 972 1022 imperii
1015 980 1105 1010 non
1153 969 1426 1022 relinquere,
1479 980 1749 1023 quamquam

202 1034 338 1089 igitur
367 1038 526 1090 potest,
562 1039 609 1076 ut
639 1047 792 1077 earum
815 1036 1106 1078 vindiciarum
1137 1036 1483 1077 affectandarum
1508 1048 1645 1077 causa
1675 1035 1750 1076 ali-

204 1103 301 1155 quis
332 1103 515 1144 nomine
545 1102 762 1156 praesidis
779 1104 1045 1157 Aquitaniae
1074 1104 1162 1144 Hae
1194 1107 1440 1154 ornaretur,
1472 1106 1634 1155 tamen,
1664 1103 1750 1143 hoc

205 1182 372 1211 nomen
392 1170 685 1212 honorificum
717 1170 883 1224 aliquid
904 1171 1097 1211 valuisse
1128 1170 1185 1211 ad
1206 1170 1648 1213 administrationem,
1677 1169 1750 1209 vel

197 1236 570 1289 jurisdictionem,
604 1238 785 1279 omnino
816 1237 1071 1292 negandum
1103 1242 1180 1279 est.

289 1314 422 1368 Quod
461 1316 626 1368 optime
665 1317 878 1356 refutatur
907 1317 973 1356 his
1004 1317 1200 1357 Salviani
1230 1317 1397 1357 verbis:
1444 1314 1622 1369 „Unum
1651 1316 1742 1356 illic

205 1382 341 1433 (inter
372 1382 560 1435 Gothos)
599 1386 642 1424 et
687 1384 970 1425 consentiens
1000 1384 1307 1426 Romanorum
1354 1384 1551 1426 omnium
1596 1385 1745 1425 votum

205 1453 286 1501 est,
318 1461 374 1490 ne
391 1462 588 1502 unquam
619 1462 698 1491 cos
728 1463 915 1491 necesse
945 1452 1001 1491 sit
1029 1452 1075 1491 in
1099 1451 1172 1503 jus
1190 1452 1377 1492 transire
1397 1452 1746 1492 Romanorum.“

205 1514 284 1566 (de
300 1515 501 1570 gub.Dei
533 1516 605 1557 lib.
624 1517 674 1558 V.
706 1531 748 1571 p.
780 1516 847 1559 94.
879 1516 967 1569 95.)
1027 1519 1150 1559 Haec
1169 1518 1308 1559 verba
1338 1518 1635 1572 explicatione
1655 1530 1746 1559 non

201 1582 413 1636 indigent.

287 1649 500 1691 Ultimum
544 1651 675 1705 igitur
705 1652 1009 1694 Romanorum
1054 1652 1326 1707 praesidium
1373 1656 1528 1695 contra
1563 1652 1745 1705 injurias

205 1718 494 1759 barbarorum
526 1719 571 1758 in
596 1720 765 1772 Justitia
794 1721 910 1773 regis
940 1720 1134 1774 positum
1166 1724 1273 1760 erat.

878 2185 970 2236 Gap.
1001 2186 1058 2226 11.

330 2286 397 2338 Dc
425 2288 562 2339 rebus
605 2290 747 2353 gestis
789 2303 936 2352 usque
978 2288 1037 2340 ad
1078 2288 1248 2340 bellum
1289 2287 1599 2339 Narbonense.

284 2417 369 2457 Per
399 2419 566 2471 primos
596 2420 730 2472 igitur
759 2419 884 2472 regni
915 2431 1057 2460 annos
1079 2417 1405 2459 Theodoricum
1437 2430 1590 2470 regem
1620 2418 1741 2469 fingi—

200 2497 298 2525 mus
330 2484 608 2526 ordinantem
629 2485 741 2538 lites‚
771 2486 987 2526 ferentem
1008 2484 1262 2526 sententias,
1324 2484 1380 2524 At
1409 2487 1528 2525 certe
1558 2496 1638 2537 per
1657 2484 1741 2525 hoc

200 2555 374 2604 tempus
413 2553 566 2604 copias
603 2553 816 2593 militares
855 2551 1083 2605 augendas
1122 2551 1304 2590 minime
1343 2551 1550 2603 neglexit.
1609 2552 1665 2591 Et
1692 2563 1742 2590 re

199 2629 308 2659 vera
349 2618 477 2661 tertio
509 2632 628 2662 anno
666 2623 769 2674 post
806 2622 900 2674 ejus
946 2618 1185 2660 adventum
1230 2618 1275 2658 in
1307 2630 1493 2672 regnum
1537 2618 1740 2660 videmus

201 2685 371 2727 Gothos
401 2690 650 2739 pugnantes
689 2689 736 2728 in
766 2687 983 2741 Hispania
1012 2690 1166 2727 contra
1199 2685 1439 2738 vandalos,
1479 2687 1739 2739 quibuscum

197 2753 391 2795 Romani
422 2753 585 2794 bellum
616 2758 916 2809 susceperant.

281 2832 335 2872 In
364 2832 581 2885 Hispania
610 2833 814 2887 Vandali,
859 2846 886 2874 a
917 2832 1072 2874 Gothis
1103 2832 1186 2872 sibi
1217 2831 1338 2872 nulla
1374 2831 1571 2885 pericula
1600 2831 1739 2871 immi-

197 2912 306 2941 nere
336 2900 431 2953 rati,
479 2900 728 2942 suevorum
758 2901 941 2944 foedere
985 2901 1165 2954 reJecto,
1207 2899 1469 2953 quibuscum
1514 2902 1646 2939 antea
1676 2898 1739 2939 eis
