1924 3148
171 249 336 297 stitiae;
369 250 445 303 qui
475 249 683 291 affirmat:
716 260 741 289 e
771 247 1052 302 providentia
1067 247 1151 289 Dei
1180 247 1224 288 id
1258 250 1417 288 lactum
1436 258 1550 300 esse,
1582 249 1628 288 ut
1643 245 1720 298 qui

171 316 334 358 divitiis
379 318 470 358 suis
501 317 628 358 abusi
658 317 834 357 luxuria
879 319 1141 369 peccassent
1178 320 1222 356 et
1252 316 1518 368 arrogantia,
1563 314 1718 355 exules

170 387 452 437 vagarentur.
1718 416 1723 421 -

254 451 524 505 Legentibus
555 451 762 505 denique,
802 450 956 492 exules
986 450 1095 505 ipsis
1126 449 1314 491 miseriis
1353 461 1596 492 conversos
1626 461 1718 491 non

171 530 271 559 esse
302 518 359 559 ad
391 520 611 570 virtutem,
656 518 961 559 misericordia
997 519 1109 572 ipsa,
1156 518 1358 570 quamvis
1397 512 1463 558 sit⁴
1487 517 1611 559 cordi
1642 518 1717 557 hu-

172 597 305 626 mano
335 586 502 632 innata,
534 586 772 627 evanescit.

257 653 314 693 At
342 665 450 694 vero
482 653 694 694 sacerdos
722 653 917 694 monitor
944 653 1111 704 reticet,
1142 652 1308 705 probos
1346 652 1477 692 etiam
1510 653 1553 691 et
1582 651 1717 691 hone·

170 722 264 760 stos
294 720 428 773 viros,
474 720 614 773 patria
658 720 885 773 expulsos,
930 720 1132 760 miserias
1179 730 1416 772 perpessos
1448 730 1548 759 esse
1593 730 1718 759 more

169 786 539 839 philosophorum
571 790 614 826 et
644 787 998 830 christianorum,
1030 790 1078 826 ut
1092 787 1302 826 Paulinus
1331 786 1420 838 ille,
1452 786 1527 838 qui
1554 786 1601 825 in
1632 786 1716 825 Eu-

169 852 403 894 charistico
435 854 640 894 fortunae
671 864 780 893 suae
810 852 1138 893 vicissitudines
1169 852 1389 893 describit.

252 919 304 960 In
326 920 457 960 tantis
487 920 657 973 injuriis
678 919 924 973 gaudemus
955 920 1223 973 cognitione,
1253 920 1391 960 fuisse
1411 916 1526 960 inter
1547 919 1717 960 Gothos

168 986 287 1027 viros
318 986 486 1039 probos
523 990 566 1026 ct
595 986 830 1036 humanos,
871 987 946 1040 qui
974 986 1159 1039 injurias
1187 985 1432 1027 inermibus
1462 985 1717 1035 hominibus

168 1053 312 1095 illatas
358 1053 713 1095 condemnarent
743 1059 787 1095 et
830 1066 991 1096 sanare
1036 1054 1275 1095 studerent.
1335 1053 1571 1096 Curiosum
1617 1054 1718 1094 talis

169 1121 305 1161 animi
335 1121 591 1174 exemplum
623 1120 803 1162 tradidit
830 1121 961 1163 nobis
991 1121 1108 1162 idem
1133 1121 1413 1163 Petrocorius
1428 1120 1718 1162 Eucharistici

168 1188 371 1229 versibus
402 1186 611 1228 569—79.
670 1189 842 1228 Facere
872 1201 964 1229 non
995 1201 1193 1241 possum,
1224 1189 1328 1241 quin
1361 1199 1521 1228 suaves
1553 1191 1596 1228 et
1625 1187 1716 1228 dul-

168 1266 243 1295 ces
273 1267 430 1296 versus
459 1254 708 1295 incolumes
739 1254 1006 1308 producam:

168 1322 326 1374 „Nunc
357 1334 538 1375 quoque
569 1322 632 1362 sic
660 1322 806 1375 ipsum
832 1323 1128 1375 juvenascere
1158 1333 1290 1374 posse
1322 1321 1493 1374 dedisti,
1530 1323 1717 1372 (Deusl)

167 1390 254 1441 „Ut
284 1401 383 1430 cum
409 1390 502 1443 jam
534 1389 710 1443 penitus
742 1390 906 1430 fructus
938 1389 994 1430 de
1024 1389 1158 1430 rebus
1189 1390 1316 1430 avitis
1367 1439 1370 1442 .

167 1458 388 1510 „Sperare
419 1457 602 1497 ulterius
633 1457 779 1497 nullos
812 1469 883 1497 me
913 1469 1048 1510 posse
1078 1457 1333 1510 probasses,

167 1523 368 1577 „Cuncta
398 1523 564 1577 quippe
595 1524 741 1574 etiam,
775 1536 890 1577 quae
915 1525 1009 1577 jam
1042 1527 1250 1565 tenuatus
1279 1525 1447 1566 habere

166 1590 418 1643 „Massiliae
448 1591 586 1643 potui,
617 1591 783 1630 amissa
805 1591 899 1643 jam
929 1591 1214 1644 proprietate,

168 1657 463 1711 „Conscripta
493 1657 728 1699 adstrictus
760 1658 841 1698 sub
874 1657 1131 1699 conditione
1161 1661 1384 1708 tenerem;

167 1726 455 1777 „Emptorem
486 1725 687 1777 ignotum
719 1725 826 1764 mihi
857 1724 913 1765 de
943 1728 1075 1778 gente
1108 1726 1353 1767 Gothorum

167 1791 395 1844 „Excires,
426 1792 568 1833 nostri
599 1791 825 1845 quondam
857 1793 930 1846 qui
955 1793 1068 1845 juris
1098 1793 1291 1846 agellum

167 1859 384 1911 „Mercari
416 1859 600 1912 cupiens
631 1860 821 1912 pretium
853 1860 1167 1901 transmitteret
1196 1860 1325 1913 ultro,

168 1925 327 1977 „Haud
359 1926 565 1979 equidem
591 1928 773 1980 justum,
805 1940 960 1968 verum
992 1931 1142 1967 tamen
1174 1929 1410 1980 accipienti
1441 1951 1494 1957 —-

873 2048 876 2050 -
1085 1995 1283 2036 votivum
1314 1993 1546 2045 fateor.“¹)

250 2060 435 2101 Maximi
456 2061 671 2101 momenti
702 2062 855 2102 fuisset
869 2062 1085 2103 Romanis
1115 2073 1255 2115 regno
1275 2062 1462 2103 Gothico
1494 2061 1716 2114 subjectiS,

166 2128 203 2168 si
234 2127 620 2180 maj0resimpe1·ii
650 2129 825 2169 romani
857 2129 1082 2182 officiales,
1115 2132 1161 2169 ut
1191 2127 1421 2182 praesides
1442 2128 1714 2181 provinciae,

167 2195 432 2247 adfuissent3
479 2207 670 2248 quorum
706 2207 922 2248 praesens
961 2196 1200 2237 auctoritas
1237 2208 1427 2237 romana
1462 2196 1615 2248 lingua
1652 2195 1715 2236 lo-

167 2261 403 2315 quentibus
420 2273 633 2314 magnum
656 2265 812 2303 contra
830 2263 1075 2304 Gothorum
1093 2262 1274 2303 arbitria
1305 2266 1348 2302 et
1376 2262 1567 2314 injurias
1588 2273 1714 2314 prae-

165 2328 324 2369 sidium
357 2329 524 2369 fuisset.
584 2328 818 2370 L’histoire
849 2328 907 2370 du
936 2329 1207 2384 Languedoc
1244 2328 1498 2383 praesidum
1531 2328 1715 2369 admini-

165 2396 425 2437 strationem
465 2399 509 2435 et
553 2398 821 2448 potestatem
851 2397 896 2435 in
942 2397 1198 2449 regionibus
1244 2395 1446 2436 barbaris
1490 2396 1716 2437 concessis

165 2462 360 2501 valuisse
390 2461 494 2501 vult.
557 2461 772 2501 Scribitur
800 2462 888 2503 illic
918 2463 963 2502 in
994 2474 1094 2516 pag.
1132 2461 1256 2502 1792:
1304 2461 1619 2516 „L’Aquitaine
1649 2473 1715 2503 se-

165 2528 323 2580 conde,
355 2528 551 2581 quoique
583 2528 721 2570 cedee
752 2541 842 2570 aux
871 2530 1128 2583 Wisigoths,
1167 2529 1315 2571 devait
1344 2530 1462 2571 alors
1493 2530 1620 2570 avoir
1656 2544 1716 2570 un

165 2607 449 2650 gouverneur
478 2595 652 2637 romain
684 2608 790 2639 sous
821 2596 866 2638 la
896 2596 1188 2652 dependance
1219 2596 1278 2639 du
1315 2597 1478 2638 vicaire
1510 2595 1588 2638 des
1619 2601 1718 2651 sept

164 2664 423 2717 provinces:
465 2666 508 2704 et
539 2675 589 2704 ce
621 2663 800 2705 dernier
838 2664 987 2706 devait
1015 2678 1098 2719 par
1136 2665 1414 2718 consequent
1443 2663 1626 2705 etendre
1665 2677 1716 2705 sa

240 2809 266 2850 ¹)
291 2810 334 2842 cf.
360 2809 523 2843 Hibbon:
550 2810 692 2853 Ilistory
725 2811 768 2843 of
786 2810 847 2844 the
880 2810 1021 2844 decline
1058 2810 1128 2844 and
1161 2810 1223 2843 fall
1254 2811 1296 2843 of
1328 2810 1389 2843 the
1420 2819 1546 2843 roman
1579 2810 1716 2853 empire
1753 2828 1755 2830 ·

95 2914 110 2925 α
164 2877 192 2898 e.
218 2864 348 2899 XXXI.
