1924 3148
891 100 918 141 9

132 239 268 280 vitam
305 252 387 294 per
422 239 508 281 hoc
545 241 742 292 tempus:
789 248 878 291 quo
917 236 1098 278 tandem
1135 236 1271 279 modo
1309 236 1550 280 defendere
1579 250 1674 281 cor·

132 320 248 360 pora
286 311 443 349 contra
471 306 732 359 asperitates
772 305 899 346 coeli.
963 304 1081 345 Num
1119 309 1263 346 castra
1298 305 1511 358 ponenda
1539 307 1676 346 fuisse

131 385 288 415 censes
333 377 377 415 et
418 373 590 414 incolas
635 383 858 413 annonam
904 371 1123 425 praebere
1164 371 1419 425 jubendos?
1494 372 1674 414 Minime

131 443 266 481 certo.
323 441 422 482 Hoc
451 439 488 479 si
517 439 737 491 fecissent,
767 438 1019 492 periculosa
1050 450 1258 480 annonae
1288 440 1448 480 caritas
1479 440 1577 480 sine
1597 439 1673 480 du-

130 506 204 549 bio
248 507 456 548 irruitura
497 506 671 559 fuisset,
725 518 782 546 an
827 505 948 547 credi
990 509 1138 559 potest
1185 506 1377 560 incolas,
1428 507 1674 560 Romanos,

132 586 267 627 quum
291 574 466 623 scirent,
498 584 599 614 sese
620 572 850 614 meliorem
873 584 1080 626 agrorum
1102 576 1272 627 partem
1296 573 1538 616 amissuros
1560 585 1674 628 esse,

131 642 405 683 stomachum
446 643 490 682 et
526 640 639 681 iram
675 639 968 693 reprimentes
1007 642 1130 681 tanta
1175 639 1433 682 assiduitate
1463 645 1673 696 tantaque

132 707 363 762 diligentia
390 708 635 760 laborasse,
673 710 722 748 ut
751 708 884 748 etiam
915 706 1187 748 advenarum
1209 708 1529 749 multitudinem
1553 709 1674 750 alere

130 777 342 829 possent?
388 773 763 828 Ista'conJectura
792 778 959 828 pugnat
988 786 1087 815 cum
1110 775 1358 829 praeceptis
1378 776 1675 830 institutisque

131 842 525 883 administrationis
554 843 619 883 rei
649 842 854 882 rusticae.
913 842 1155 882 Praesente
1186 841 1379 896 quodam
1403 846 1445 884 et
1465 854 1673 897 agrorum

133 913 177 950 et
196 921 343 951 rerum
366 910 627 951 rusticarum
659 908 877 950 divisione
909 921 1020 963 opus
1042 913 1148 950 erat.
1184 909 1423 964 Quomodo
1444 910 1488 951 id
1510 914 1672 954 factum

130 977 205 1029 sit,
249 977 474 1018 nonnullis
518 977 666 1018 verbis
703 976 922 1017 illustrare
969 976 1283 1033 conabimur.¹)
1357 976 1487 1032 Quod
1542 968 1676 1011 Gothi

130 1048 332 1097 tempore
363 1044 579 1085 adventus
609 1045 655 1084 in
684 1044 970 1097 Aquitaniam
1001 1044 1306 1085 Romanorum
1329 1045 1461 1085 amici
1480 1043 1674 1093 habendi

132 1115 259 1152 erant
288 1115 332 1152 et
361 1112 484 1165 socii,
514 1122 662 1165 neque
691 1111 806 1152 hanc
836 1114 997 1152 terram
1030 1122 1253 1153 armorum
1279 1112 1323 1152 vi
1354 1110 1503 1166 adepti
1534 1113 1673 1164 erant,

133 1178 214 1219 sed
235 1191 292 1219 ex
322 1177 504 1220 foedere
535 1177 728 1232 quodam
763 1176 916 1231 icto,²)
948 1178 1160 1231 colligere
1192 1178 1420 1227 debemus,
1447 1179 1673 1232 magistra-

135 1248 205 1286 tus
235 1246 465 1287 Romanos
496 1257 589 1286 non
618 1245 762 1286 subito
795 1256 982 1286 munera
1020 1244 1283 1288 deseruisse.
1356 1245 1537 1287 Minime
1580 1245 1675 1287 veri

135 1313 278 1354 simile
308 1317 387 1366 est,
430 1313 681 1355 Honorium
711 1312 1025 1366 imperatorem
1058 1324 1149 1362 eos,
1196 1314 1272 1367 qui
1291 1313 1425 1355 modo
1447 1325 1556 1354 suae
1574 1313 1673 1354 sub-

124 1380 232 1434 Jecti
261 1384 388 1423 erant
415 1380 635 1435 potestati,
667 1380 764 1422 sine
793 1379 1018 1434 praesidio
1050 1383 1094 1422 et
1120 1380 1377 1423 indefensos
1401 1381 1532 1422 Gothi
1562 1381 1674 1421 arbi-

131 1447 214 1489 trio
247 1448 506 1502 tradidisse,
536 1448 632 1489 sine
663 1447 752 1489 ullo
785 1447 919 1490 dubio
952 1450 994 1489 et
1024 1451 1142 1489 terra
1171 1451 1214 1489 et
1242 1448 1418 1489 incolae
1442 1447 1674 1489 tradeban-

133 1519 202 1557 tur
233 1527 288 1557 ex
318 1518 449 1570 pacto
472 1519 540 1567 (ut
555 1513 1024 1569 Burgundionibus),⁸)
1056 1515 1177 1569 quod
1205 1516 1434 1570 utriusque
1464 1516 1601 1570 partis
1631 1519 1675 1557 et

125 1583 228 1635 jura
258 1586 301 1622 et
331 1583 477 1623 officia
506 1582 743 1634 debitaque
775 1581 992 1635 definiret,
1023 1586 1156 1636 atque
1187 1583 1486 1635 constitueret,
1524 1587 1572 1622 ut
1601 1582 1674 1622 ad-

132 1661 276 1691 venae
307 1661 407 1691 cum
438 1648 769 1704 magistratibus
799 1648 1015 1691 Romanis
1054 1649 1110 1690 de
1149 1650 1265 1703 agris
1296 1649 1544 1691 dividendis
1575 1662 1674 1703 age-

130 1720 242 1769 rent,
273 1716 553 1770 magistratus
583 1716 774 1757 Romani
806 1719 953 1757 autem
984 1715 1168 1758 advenis
1189 1719 1352 1758 tectum
1374 1720 1417 1758 et
1436 1717 1675 1771 hospitium

133 1787 350 1826 curarent.

216 1852 286 1893 Ad
309 1852 355 1892 id
383 1851 663 1892 efficiendum
691 1851 851 1893 modus
882 1851 1076 1892 maxime
1106 1852 1294 1894 idoneus
1326 1855 1421 1893 erat
1456 1852 1675 1894 collocan-

132 1920 287 1961 darum
318 1920 592 1974 singularum
629 1920 892 1960 familiarum
934 1920 1053 1973 apud
1091 1919 1297 1962 dominos
1333 1921 1564 1962 Romanos
1604 1932 1674 1960 ea-

132 1986 231 2028 dem
272 1988 458 2040 ratione,
499 1999 587 2041 qua
626 1987 783 2028 milites
820 1986 993 2028 romani
1032 1998 1114 2039 per
1150 1987 1343 2041 hospitia
1380 1987 1676 2041 disponeban-

131 2053 262 2107 tur,4)
302 2066 357 2095 ea
387 2057 534 2094 tamen
566 2054 832 2107 diversitate,
871 2056 918 2094 ut
947 2054 1145 2107 hospites
1177 2054 1309 2096 Gothi
1339 2054 1421 2095 sub
1451 2057 1567 2096 tecto
1599 2053 1675 2094 do-

131 2121 241 2161 mini
269 2122 463 2162 Romani
493 2133 671 2175 semper
698 2121 945 2162 remansuri
966 2124 1128 2174 essent,
1159 2124 1306 2175 atque,
1337 2135 1473 2175 quum
1495 2121 1676 2175 opifices

131 2192 175 2228 et
204 2188 393 2229 artifices
420 2201 508 2230 non
542 2192 702 2241 essent,
742 2188 821 2229 sed
851 2189 984 2229 rebus
1013 2189 1186 2230 rusticis
1217 2188 1366 2241 dediti,
1396 2201 1471 2229 rus
1502 2188 1675 2242 potissi-

132 2267 252 2295 mum
283 2259 498 2308 peterent,
536 2255 701 2310 oppida
732 2259 1004 2310 spernerent.

216 2322 467 2376 Antequam
498 2323 868 2376 patremfamilias
890 2323 1081 2365 Gothum
1111 2324 1424 2377 prosequimur
1451 2323 1507 2363 ad
1528 2323 1676 2364 locum

132 2390 173 2428 ei
201 2389 456 2442 indicatum,
488 2389 686 2430 dicamus
716 2402 860 2444 pauca
890 2390 946 2430 de
976 2402 1183 2443 agrorum
1215 2390 1543 2443 posessoribus.

205 2583 239 2623 ⁸)
265 2580 318 2615 Cf.
345 2579 484 2624 Gaupp.
510 2581 532 2613 l.
559 2592 587 2614 c.
614 2583 631 2623 ς
656 2579 700 2614 54
726 2584 770 2614 et.
796 2590 871 2624 seq.

204 2639 240 2681 ²)
266 2638 422 2681 Prosper
446 2637 567 2680 Aquit.
594 2637 873 2680 „Constantinus
898 2637 1068 2670 Patricius
1093 2644 1248 2679 'pacem
1275 2636 1430 2668 firmat
1455 2647 1534 2668 cum
1564 2636 1678 2669 Walia

131 2695 217 2728 data
239 2693 357 2727 eidem
383 2693 427 2726 ad
453 2693 726 2727 inhabitandum
750 2693 909 2726 secunda
933 2693 1151 2736 Aquitani&
1177 2696 1243 2725 etc.

205 2751 241 2794 ⁸)
267 2750 422 2793 Prosper
446 2749 531 2784 Tiro
557 2750 601 2783 ad
628 2761 712 2783 ann.
737 2749 783 2784 ⁴20
809 2749 986 2783 Valentin.
1047 2748 1250 2793 „Sapaudia
1276 2748 1571 2792 Burgundionum
1599 2748 1678 2780 reli-

132 2808 223 2851 quiis
249 2807 353 2840 datur
377 2817 471 2839 cum
495 2806 727 2850 indigenis
753 2805 1036 2839 dividenda.‘'·

205 2864 241 2907 ⁴)
267 2862 320 2898 Cf.
347 2862 486 2907 Gaupp.
511 2863 534 2896 l.
560 2873 589 2897 c.
616 2863 634 2904 ἓ
661 2862 712 2896 14.
741 2862 789 2896 15.
821 2862 870 2897 16.
897 2861 952 2896 29.
