1924 3148
978 117 1028 158 41

234 267 324 296 non
355 256 504 309 fuisse,
534 255 644 295 haec
674 253 896 307 conjicere
930 265 1089 295 conor:
1120 254 1289 307 Aetius,
1328 254 1404 307 qui
1448 254 1527 295 toti
1563 254 1777 295 exercitui

234 324 389 362 contra
405 322 574 363 Gothos
590 323 849 373 comparato
866 320 1089 373 profectus
1120 325 1227 374 erat,
1252 321 1405 374 copias
1422 333 1526 362 suas
1540 321 1602 361 ita
1617 321 1775 374 divisit,

234 391 281 428 ut
294 388 478 429 alteram
492 392 663 441 partem
694 387 792 440 ipse
821 385 1035 428 adversus
1065 387 1216 429 hostes
1233 387 1429 440 duceret,
1461 387 1645 429 alteram
1676 401 1774 442 par-

233 458 336 507 tem,
364 455 411 496 in
435 468 524 509 qua
553 455 795 508 equitatum
812 454 1093 507 Hunnorum,
1122 455 1288 496 Litorio
1313 455 1619 508 committeret,
1648 467 1774 508 prae-

233 522 415 576 cipiens,
462 526 509 563 ut
538 534 671 576 quam
702 520 933 563 celerrime
971 532 1052 575 per
1089 522 1394 564 Arvernorum
1437 524 1577 563 terras
1609 522 1775 565 Gotho·

232 602 329 630 rum
360 590 471 631 fines
500 593 684 643 peteret.

316 657 504 698 Litorius
526 650 600 708 iis,
645 667 761 709 quae
799 655 841 696 ei
878 659 1119 709 praecepta
1157 659 1296 709 erant,
1341 656 1526 697 feliciter
1567 658 1773 710 peractis,

231 723 369 763 nimia
407 723 649 764 ambitione
688 734 743 763 eo
775 721 1012 775 perductus
1052 726 1130 775 est,
1174 726 1222 763 ut
1247 723 1365 763 Astii
1395 723 1639 763 exercitum
1682 736 1773 764 non

232 792 498 843 exspectans
530 789 778 831 Gothorum
822 792 957 842 caput
986 789 1313 843 aggrederetur,
1358 795 1403 830 at
1447 790 1557 830 tristi
1596 795 1772 842 eventu,

232 868 366 910 quem
390 858 482 910 jam
515 856 819 909 cognovimus,
879 855 1183 898 Theodericus
1213 857 1398 898 victoria
1428 861 1616 910 erectuS,
1652 862 1771 911 post-

232 936 365 976 quam
397 924 537 965 altera
549 924 744 965 Romani
773 923 995 964 exercitus
1023 936 1127 977 pars
1143 923 1290 965 deleta
1319 927 1400 975 est,
1431 924 1559 965 Aetio
1593 924 1772 966 obviam

232 990 322 1032 ivit.
381 990 470 1033 Sed
513 989 826 1032 vicissitudinis
869 1003 1017 1032 rerum
1055 991 1346 1032 humanarum
1376 991 1497 1031 haud
1538 992 1775 1034 immemor

233 1059 485 1111 pactionem
515 1070 607 1099 non
636 1057 870 1111 recusavit,
915 1069 1032 1111 quae
1061 1057 1118 1098 ad
1147 1058 1280 1098 finem
1310 1056 1492 1098 redacta
1530 1061 1597 1107 est
1640 1059 1772 1101 inter-

233 1129 369 1167 ventu
398 1126 473 1167 Sti.
506 1125 693 1167 Orientii
723 1130 768 1166 et
795 1125 927 1177 Aviti,
966 1125 1247 1167 Theodorico
1286 1125 1513 1166 familiaris
1553 1130 1596 1166 et
1626 1127 1771 1169 amici.

231 1193 356 1234 Haec
401 1192 633 1233 hactenus!
687 1192 930 1246 Pergamus
982 1192 1246 1246 conjecturis
1290 1191 1454 1233 relictis
1504 1204 1577 1234 res
1623 1197 1771 1247 gestas

232 1271 428 1302 narrare.

316 1325 524 1367 Sidonius
555 1325 825 1379 Apollinaris
862 1325 1170 1367 Romanorum
1207 1324 1509 1367 conditionem
1548 1330 1650 1380 post
1686 1327 1771 1369 cla-

233 1393 334 1435 dem
380 1392 500 1447 apud
542 1393 754 1434 Tolosam
799 1397 1029 1446 acceptam
1073 1396 1125 1434 ut,
1162 1393 1457 1433 miserrimam
1504 1393 1770 1448 describit¹):

233 1461 476 1502 exercitum
514 1459 651 1500 fuisse
681 1458 888 1512 deletum,
934 1471 1180 1513 omnesque
1217 1464 1358 1500 terras
1390 1472 1530 1514 usque
1567 1460 1623 1502 ad
1655 1462 1772 1504 Rho-

233 1527 397 1568 danum
450 1527 629 1567 fluvium
674 1527 828 1568 Gothis
872 1527 1112 1568 victoribus
1156 1527 1375 1579 patuisse3
1421 1527 1557 1568 duces
1608 1529 1771 1570 Roma·

239 1607 323 1637 nos
355 1594 544 1636 consilii.
564 1594 723 1647 inopes
752 1593 848 1647 regi
877 1592 1157 1635 Theoderico
1194 1593 1403 1635 resistere
1433 1607 1522 1636 non
1552 1596 1773 1650 potuisse3

234 1674 393 1715 pacem
441 1661 698 1702 conclusam
741 1672 840 1701 esse
884 1661 1134 1701 interventu
1175 1661 1293 1701 Aviti
1341 1662 1497 1702 soceri.
1557 1663 1626 1703 De
1668 1675 1772 1704 con-

232 1729 473 1770 ditionibus
516 1731 652 1782 poeta
695 1727 805 1768 silet.
864 1728 1057 1781 Prosper
1101 1727 1389 1781 Aquitanicus
1434 1731 1582 1769 autem
1627 1728 1769 1784 docet,

233 1797 404 1839 Gothos
420 1796 637 1837 victorum
667 1807 794 1836 more
822 1796 946 1849 pacis
964 1799 1007 1837 et
1036 1794 1229 1837 foederis
1245 1794 1525 1837 conditiones
1555 1799 1771 1850 praescri-

233 1865 400 1918 psisse3
430 1863 490 1904 ait
520 1863 660 1904 enim:
691 1863 813 1920 „Pax
829 1863 945 1903 facta
973 1874 1073 1903 cum
1096 1862 1265 1915 Gothis,
1296 1875 1432 1916 quum
1449 1875 1547 1904 eam
1578 1868 1680 1918 post
1695 1878 1770 1907 an·

231 1932 374 1985 cipitis
403 1942 580 1983 pugnae
608 1930 882 1970 lacrimabile
903 1930 1256 1982 experimentum
1286 1931 1506 1983 humilius,
1537 1944 1669 1984 quam
1693 1946 1770 1973 un-

234 2010 368 2052 quam
399 2000 544 2050 antea,
574 1990 972 2050 poposciSsent.“²)
1018 1996 1123 2037 Sine
1153 1995 1287 2038 dubio
1303 1997 1494 2038 Romani
1525 1999 1768 2040 secundum

232 2067 326 2119 ejus
342 2064 464 2118 pacis
485 2063 762 2105 conditiones
779 2068 994 2104 terrarum
1015 2062 1179 2104 damna
1193 2063 1383 2104 subiere.
1444 2064 1586 2118 Quae,
1617 2078 1769 2119 quam-

306 2256 344 2297 ¹)⁴
359 2253 526 2289 Sidonius
551 2254 671 2298 Apoll.
695 2254 732 2287 in
757 2253 981 2298 Panegyrico
1007 2254 1103 2288 Aviti
1127 2266 1159 2287 v.
1184 2253 1251 2288 299
1277 2259 1313 2288 et
1335 2265 1409 2298 seq.

431 2311 513 2354 „Nil
538 2320 658 2354 prece,
682 2310 732 2343 nil
757 2311 885 2354 pretio,
910 2311 960 2343 nil
985 2311 1110 2344 militia
1134 2312 1266 2344 fractus
1292 2311 1423 2354 agebat

432 2366 591 2409 „Aetius
640 2366 755 2410 Capto
780 2370 954 2400 terrarum
981 2367 1114 2400 damna
1137 2368 1310 2410 patebant

429 2423 600 2465 „Lito1-io.
648 2423 688 2455 In
713 2422 930 2456 Rhodanum
956 2423 1120 2466 proprios
1144 2422 1345 2466 producere
1369 2423 1457 2455 fines

434 2478 712 2522 „Theudoridae
737 2479 859 2521 fixum,
884 2489 951 2512 nec
975 2483 1053 2512 erat
1076 2489 1238 2523 pugnare
1262 2489 1423 2519 necesse,

433 2534 529 2578 „Sed
554 2535 710 2578 migrare
736 2534 835 2568 Getis
860 2559 869 2567 .
895 2559 903 2566 .
929 2560 937 2568 .
964 2559 973 2568 .

433 2590 651 2634 „Postquam
676 2590 836 2634 undique
859 2591 999 2624 nullum

435 2647 696 2690 „Praesidium
723 2647 946 2691 ducibusque
970 2649 1039 2681 tuis
1064 2648 1125 2690 nil,
1150 2639 1286 2689 Roma„
1301 2647 1464 2680 relictum
1490 2652 1555 2689 est,

431 2702 613 2746 „Foedus,
637 2704 755 2746 Avite,
779 2714 910 2747 novas3
934 2714 1083 2737 saevum
1106 2709 1168 2738 tua
1191 2704 1324 2748 pagina
1347 2713 1474 2747 regem

433 2758 565 2802 „Lecta
589 2759 730 2804 domat3
748 2760 898 2804 jussisse
922 2764 978 2794 sat
1003 2764 1057 2795 est
1079 2764 1127 2804 te,
1151 2759 1250 2804 quod
1274 2763 1380 2804 rogat
1404 2761 1536 2794 orbis.“

301 2810 578 2857 ²)cf.'1datius:
614 2815 736 2858 „Inter
772 2816 956 2850 Romanos
992 2820 1027 2849 et
1063 2815 1202 2850 Gothos
1238 2826 1311 2858 pax
1347 2816 1531 2848 efficitur.“
1571 2837 1604 2840 -ᾼ
1647 2817 1770 2850 Isidor.

231 2870 366 2915 Hispal.
391 2870 548 2904 chronic.
