1924 3148
982 102 1032 143 14

872 163 1133 171 m*

227 249 339 291 quas
357 249 513 279 omnes
530 237 753 279 collocare
768 249 859 279 non
889 240 1034 291 potes,
1065 238 1103 278 si
1132 237 1376 281 doctissimi
1398 239 1592 293 Gauppii
1616 241 1777 281 autori-

228 308 362 345 tatem
380 316 574 358 sequens
605 305 649 357 (l.
673 316 708 345 c.
726 308 746 355 §
767 302 822 343 46
853 316 954 358 pag.
972 304 1072 359 345)
1104 307 1299 360 conjicis,
1331 306 1532 360 colonOS,
1564 307 1640 360 qui
1659 307 1778 348 servi

231 374 378 413 terrae
410 375 559 413 essent
594 375 727 426 atque
758 371 917 425 glebae
949 372 1112 414 addicti
1142 374 1188 414 in
1234 375 1352 428 agris
1385 375 1476 415 suis
1506 374 1777 415 remansisse

230 437 387 479 eadem
419 437 688 491 conditione,
721 450 810 492 qua
830 442 976 493 antea,
1008 451 1062 480 ea
1092 443 1261 482 tantum
1283 440 1552 495 diversitate,
1583 443 1630 481 ut
1662 439 1778 481 duae

228 506 491 547 colonorum
522 509 672 559 partes
693 505 922 547 dominum
941 507 1197 548 Romanum
1219 521 1319 549 cum
1350 509 1496 550 Gotho
1521 511 1777 548 mutassent.

312 571 401 613 Sed
431 572 527 612 sine
557 571 647 614 ullo
679 570 815 614 dubio
846 573 962 614 inter
992 573 1180 616 colonos
1210 575 1336 616 multi
1367 578 1506 629 erant,
1538 574 1613 629 qui
1643 574 1776 615 tantis

235 639 353 691 agris
397 638 665 691 gaudebant,
705 640 856 691 quanti
904 641 1035 680 etiam
1076 640 1295 681 advenam
1335 654 1434 682 cum
1474 643 1568 694 ejus
1612 641 1780 689 familia

227 704 348 746 alere
377 708 582 760 possent,
612 708 657 746 et
685 705 795 747 tales
831 705 992 748 fundos
1024 706 1286 749 colonorum
1320 720 1377 750 ex
1411 708 1511 762 lege
1541 707 1778 750 constituta

227 771 394 814 divisos
425 784 525 814 esse
555 773 776 827 existimo,
816 776 865 814 ut
894 785 1051 815 omnes
1091 775 1283 816 familiae
1316 775 1560 817 Gothorum
1601 787 1682 817 suo
1715 775 1807 817 fo-<

227 840 327 881 culo
366 838 624 894 gauderent.
683 840 842 894 Neque
880 840 1002 882 credi
1038 844 1198 895 potest,
1246 854 1271 882 e
1303 842 1549 884 Gothorum
1589 842 1776 885 consilio

226 907 363 947 fuisse
393 910 533 948 terras
565 907 765 948 dividere
793 908 855 948 ita
876 908 1180 961 aequabiliter,
1211 912 1259 948 ut
1288 908 1451 962 singuli
1473 909 1606 950 Gothi
1636 914 1775 950 terras

226 974 346 1028 paris
375 974 505 1028 pretii
536 974 809 1029 acciperent,
839 987 1003 1028 nempe
1032 975 1147 1016 inter
1178 975 1347 1017 Gothos
1379 976 1606 1017 hominum
1638 981 1776 1017 status

227 1045 271 1081 et
300 1041 579 1082 conditiones
612 1041 818 1083 diversae
849 1046 989 1083 erant.

310 1109 482 1162 Regem
513 1109 676 1158 fundo-s
714 1109 916 1162 publicos
948 1110 1031 1150 sibi
1062 1109 1327 1155 vindicasse,
1368 1109 1607 1150 verisimile
1639 1114 1706 1150 est
1735 1114 1779 1150 et

228 1175 476 1217 secundum
496 1189 646 1217 rerum
677 1180 896 1230 naturam,
929 1177 1007 1218 sed
1030 1189 1240 1230 magnam
1261 1180 1433 1230 partem
1456 1176 1652 1218 donabat
1680 1177 1777 1218 sine

229 1244 364 1285 dubio
387 1244 623 1286 comitibus
645 1245 735 1285 suis
767 1248 811 1285 et
832 1245 985 1285 amicis
1017 1248 1060 1285 et
1078 1244 1178 1297 illis,
1211 1244 1286 1298 qui
1306 1243 1551 1286 honoribus
1572 1244 1776 1285 illustrio-

226 1323 299 1353 res
331 1311 508 1361 erant.¹)

312 1377 514 1433 Quorum
547 1391 682 1431 quum
722 1378 846 1418 multi
875 1390 1027 1431 regem
1059 1380 1371 1430 sequerentur.
1390 1377 1434 1418 in
1464 1378 1677 1419 Tolosam
1707 1392 1775 1419 ur-

224 1446 342 1499 bem,
372 1457 520 1498 neque
549 1445 633 1498 ipsi
665 1457 797 1498 agros
828 1444 1043 1486 colendos
1075 1448 1293 1497 curarent,
1335 1444 1549 1486 colendos
1581 1446 1777 1487 commit·
1818 1467 1830 1479 -

224 1513 377 1553 tebant
404 1512 621 1552 libertinis
652 1513 742 1552 suis
757 1512 830 1552 vel
860 1512 1014 1564 servis,
1046 1512 1253 1552 frumenti
1283 1511 1467 1552 modum
1497 1512 1775 1565 vel*pecoris

225 1580 296 1620 vel
326 1579 545 1633 pecuniae
573 1578 627 1618 iis
656 1579 950 1632 injungentes.
1010 1579 1220 1619 Fortasse
1251 1579 1381 1619 etiam
1414 1578 1639 1620 veteribus
1671 1592 1773 1621 con-

225 1723 334 1756 quam
361 1712 406 1745 de
430 1721 583 1745 numero
608 1712 744 1744 mentio
768 1722 842 1745 non
868 1712 915 1754 fit,
946 1716 1066 1744 tamen
1092 1713 1217 1755 negari
1241 1721 1314 1746 non
1338 1715 1469 1754 potest,
1494 1722 1576 1744 eum
1601 1722 1773 1755 magnum

225 1769 345 1802 fuisse.
393 1768 486 1801 Nam
521 1768 676 1811 legimus
693 1769 727 1800 in
752 1767 885 1801 Zosimi
914 1767 996 1800 libri
1024 1767 1062 1800 V.
1089 1771 1156 1810 cpt.
1182 1767 1238 1811 45,
1274 1768 1530 1811 imperat-orem
1564 1768 1775 1814 Honorium,

226 1825 418 1858 certiorem
452 1825 586 1856 factum
611 1823 657 1856 de
683 1823 839 1856 Athaulfi
866 1833 913 1856 ex
938 1823 1122 1857 Pannonia
1145 1823 1314 1866 adventu,
1341 1824 1478 1856 misisse
1501 1824 1689 1858 universos
1714 1826 1776 1858 mi-

226 1882 318 1922 lites,
343 1882 482 1924 equites
508 1885 544 1913 et
569 1880 718 1923 pedites,
756 1883 934 1923 quotquot
969 1881 1005 1912 in
1030 1880 1179 1913 urbibus
1212 1880 1372 1922 fuissent,
1410 1891 1490 1912 eum
1517 1880 1678 1919 ducibus,
1715 1882 1774 1924 qui

227 1938 385 1972 Athaulfi
421 1948 502 1970 cum
528 1937 671 1970 Alarico
709 1937 999 1981 conjunctionem
1036 1936 1263 1980 impedirent.
1313 1936 1418 1979 Quod
1459 1938 1520 1980 eis,
1557 1947 1774 1981 quamquam

227 1995 329 2028 multi
355 1999 467 2034 erant,
492 2005 564 2029 non
591 1995 751 2037 contigit.
784 1993 888 2026 Haud
912 2004 1044 2037 parvus
1069 1997 1189 2027 autem
1216 2003 1294 2026 esse
1320 1993 1480 2035 debebat
1503 2003 1672 2027 numerus
1698 1994 1776 2028 bar-

225 2053 409 2092 barorum,
449 2055 575 2085 contra
598 2061 688 2094 quos
714 2052 899 2083 universus
923 2060 1094 2083 romanus
1120 2050 1299 2083 exercitus
1326 2050 1373 2082 nil
1407 2050 1553 2084 valeret.
1604 2050 1775 2084 Attamen

226 2119 272 2142 ne
295 2109 331 2141 in
347 2109 460 2152 majus
485 2118 562 2141 rem
579 2107 757 2141 extollere
781 2106 916 2150 videar,
942 2106 1067 2148 50‚000
1080 2106 1230 2140 militurn
1248 2107 1292 2140 ab
1312 2107 1483 2140 Athaulfo
1501 2106 1674 2141 adductos
1693 2117 1771 2140 esse

225 2175 334 2209 pono.
383 2164 452 2207 Qui
475 2168 597 2197 tamen
622 2163 752 2196 milites
776 2164 854 2196 sine
880 2162 989 2196 dubio
1016 2172 1096 2196 cum
1122 2163 1297 2196 uxoribus
1323 2166 1359 2196 et
1382 2162 1504 2195 liberis
1530 2162 1770 2206 omnibusque

225 2222 330 2255 bonis
355 2231 374 2254 e
399 2221 586 2254 Pannonia
620 2222 835 2264 migravere.
886 2218 1002 2260 Quum
1041 2220 1135 2252 onim
1168 2219 1323 2258 barbari,
1360 2220 1421 2261 qui
1444 2219 1507 2252 illo
1544 2223 1709 2262 tempore
1735 2221 1771 2252 in

225 2277 444 2310 exercitibus
468 2276 627 2309 romanis
645 2275 846 2317 merebant,
869 2284 1002 2308 uxores
1028 2285 1070 2307 ac
1094 2274 1228 2308 liberos
1253 2285 1376 2307 secum
1401 2273 1575 2307 ducerent
1599 2274 1697 2315 (Zos.
1728 2274 1769 2310 V,

225 2332 280 2367 34.
305 2331 381 2375 35.)
406 2336 481 2366 tum
507 2331 666 2364 maxime
692 2330 848 2373 barbari,
873 2331 934 2374 qui
959 2340 1089 2364 novam
1116 2331 1269 2374 patriam
1286 2333 1514 2374 quaererent,
1538 2340 1612 2364 non
1637 2331 1774 2374 stipen-

225 2390 296 2424 dia.
344 2390 441 2433 Ergo
479 2388 745 2431 (Helvetiorum
772 2387 941 2431 exemplo
966 2389 1096 2421 iterum
1120 2389 1262 2430 innsus)
1287 2379 1436 2431 200,(500
1471 2388 1628 2430 capitum
1665 2388 1774 2420 fuisse

225 2457 305 2479 cum
332 2445 504 2479 Athaulfo
529 2445 692 2478 aestimo.
730 2443 914 2477 Summam
941 2444 1114 2477 facientes
1140 2453 1265 2477 eorum
1293 2442 1506 2486 Gothorum,
1537 2444 1596 2486 qui
1623 2453 1669 2476 ex
1693 2443 1775 2487 Illy-

224 2504 279 2536 ria
308 2506 494 2542 venerant,
531 2500 715 2544 (550,000)
754 2504 790 2534 et
813 2500 1011 2534 Stilichoris
1048 2500 1199 2534 militum
1225 2499 1387 2544 (30‚0(›0)
1425 2505 1461 2534 et
1499 2500 1774 2544 manicipiorum

224 2559 492 2602 transfugarum
526 2557 686 2601 (70,0uo)
720 2561 757 2590 et
792 2557 1006 2591 auxiliorum
1046 2567 1065 2590 e
1098 2557 1284 2591 Pannonia
1319 2557 1564 2600 profectorum
1594 2555 1773 2599 (200,000)

225 2615 399 2648 efficimus
423 2613 575 2657 850,000
605 2615 775 2657 capitum.
825 2612 986 2655 Quorum
1023 2613 1109 2646 licet
1135 2616 1255 2646 essent
1290 2612 1411 2646 deleta
1441 2615 1477 2646 in
1501 2612 1615 2655 ltalia,
1647 2611 1775 2656 Gallia,

223 2659 396 2714 Hispania
419 2669 581 2714 300,000,
606 2670 793 2703 restabant
816 2669 966 2714 550,000
991 2679 1128 2712 eorum,
1159 2670 1219 2712 qui
1244 2670 1280 2702 in
1306 2670 1500 2712 Aquitania
1524 2669 1644 2702 firmas
1668 2668 1774 2702 sedes

223 2729 451 2769 acceperunt..

300 2796 327 2834 ¹)
353 2793 396 2829 cf.
422 2793 509 2836 Leg.
525 2792 725 2836 Wisig.1V.
743 2796 767 2825 t.
792 2793 824 2826 5.
850 2793 873 2825 l.
898 2793 1026 2826 5—vl.
1046 2797 1069 2827 t.
1099 2793 1126 2825 l.
1152 2792 1174 2825 l.
1193 2792 1224 2826 5.
1275 2791 1380 2834 Quod
1394 2792 1550 2835 pertinet.
1573 2791 1618 2825 ad
1645 2791 1774 2826 fundos

223 2850 411 2895 ecclesiae,
436 2859 499 2885 eos
525 2861 547 2883 a
572 2848 692 2884 Gotho
718 2850 778 2893 pio
802 2851 955 2885 intactos
979 2850 1196 2885 remansisse
1221 2850 1399 2884 existimo.
