1924 3148
880 125 929 166 13

214 263 459 306 Gothorum
499 266 647 305 autem
684 262 730 303 ‘m
780 262 1068 316 Aquitaniam
1112 246 1381 303 venientium
1422 266 1560 317 erant,
1600 264 1675 305 ubi

129 331 358 372 minimum
395 330 575 385 550,000
612 330 820 384 capitum,
850 329 1117 371 familiarum
1148 330 1288 371 ferme
1324 328 1630 385 90—100,000‚
1640 331 1670 384 ¹)

128 509 237 542 etiam
261 511 468 553 vetustiore,
498 520 607 554 quam
631 509 753 553 legum
780 508 1064 553 wisigothorum
1100 509 1311 543 auctoritate
1336 512 1373 542 et
1395 509 1474 552 ipsa
1510 509 1671 552 aequalis

130 565 269 599 Paulini
294 567 503 610 Petrucorii,
528 566 590 609 qui
612 566 649 599 in
662 565 907 599 Eucharistico
933 566 1038 606 canit,
1063 565 1164 606 (inde
1189 577 1211 598 a
1235 576 1340 598 versu
1365 564 1564 607 498—502)
1596 592 1602 598 .
1631 591 1638 598 .
1665 590 1673 598 .

127 620 250 665 „Natis
263 622 477 657 abeuntibus
491 633 512 656 a
525 631 704 656 me—-non
729 621 897 666 equidem
912 620 1056 666 paribus
1080 621 1205 656 studiis
1223 631 1291 655 nec
1303 625 1468 665 tempore
1493 621 1670 656 eodem—

127 680 307 713 succensis
330 681 473 723 pariter,
497 679 562 712 sed
585 679 760 713 libertatis
784 688 921 722 amore,
950 697 996 703 —-
1026 688 1133 722 quam
1158 678 1226 711 sibi
1250 680 1425 723 majorem
1461 680 1673 723 contingere

129 745 234 778 posse
253 735 729 781 putabant—Burdigulae,
755 734 946 770 Gothico
963 745 1229 779 quamquam
1246 739 1457 769 consorte
1475 736 1605 770 colon
1616 736 1673 770 o.“

199 792 295 825 Unus
308 793 558 827 tantumlocus
581 793 747 836 elegibus
766 792 953 836 Wisigoth.
977 792 1053 836 (lib.
1079 792 1112 824 X
1129 793 1180 826 tit.
1213 793 1221 824 l
1250 791 1274 825 1.
1299 791 1338 833 3)
1364 791 1447 825 huic
1471 792 1536 834 (de
1552 794 1671 836 singu-

127 848 169 880 lis
193 849 438 890 consortibus)
475 850 636 892 opinioni
659 849 812 882 adversa
846 848 961 881 videri
997 852 1128 892 posset.
1177 847 1245 890 „Si
1275 849 1430 892 plures
1467 848 1601 882 fuerint
1630 849 1666 881 in

128 903 301 938 divisione
326 909 588 948 consortes,
626 904 724 949 quod
748 915 770 938 a
793 904 913 938 multis
944 904 1003 938 vel
1027 915 1049 938 a
1072 904 1281 939 melioribus
1306 905 1404 948 juste
1437 906 1668 939 constitutum

128 965 193 1002 est,
217 971 238 994 a
262 962 384 1004 paucis
414 962 472 995 vel
506 961 746 995 deterioribus
777 971 849 995 non
881 961 1050 995 convenit
1080 961 1305 1005 aliquatenus
1335 962 1549 994 imniutari.“
1597 961 1669 995 Sed

127 1017 218 1051 haec
242 1018 304 1051 lex
335 1018 380 1052 de
404 1018 600 1052 heredibus
623 1018 792 1062 loquitur,
823 1029 906 1052 nam
931 1019 1111 1052 anteriore
1135 1019 1253 1061 agitur
1277 1017 1323 1051 de
1348 1018 1527 1062 frati-ibae,
1552 1023 1671 1063 poste-

128 1075 223 1108 riore
248 1074 293 1108 de
317 1075 523 1109 heredibus.
547 1076 591 1109 cf.
618 1074 757 1119 Gaupp.
780 1074 803 1108 l.
829 1085 858 1108 c.
884 1085 966 1120 pag.
990 1074 1073 1109 395.

201 1133 229 1174 ι)
255 1132 437 1176 Eunapius
461 1131 536 1175 (ed.
562 1132 743 1166 Bonnens.
774 1142 808 1176 p.
835 1131 893 1174 48)
917 1131 1036 1176 tradit,
1059 1131 1247 1175 Fridigero
1281 1135 1316 1165 et
1339 1132 1493 1165 Alavina
1517 1098 1668 1166 ducibus

134 1188 284 1232 200‚000
309 1189 417 1234 viros,
443 1191 503 1234 qui
528 1200 628 1223 arma
651 1190 747 1223 serre
771 1193 929 1234 possent,
954 1189 1158 1223 Danubium
1190 1190 1383 1233 traJecisse.
1431 1189 1486 1222 Ex
1516 1199 1587 1233 quo
1612 1200 1675 1223 nu-

129 1256 230 1279 mero
259 1246 410 1279 militum
427 1246 684 1288 concludimus„
709 1245 858 1289 800,000
870 1247 1024 1289 capitum
1049 1247 1086 1278 in
1103 1246 1293 1288 imperium
1307 1246 1508 1278 Romanum
1528 1250 1674 1288 recepta

132 1310 222 1343 esse,
248 1300 495 1334 Helvetiorum
520 1300 616 1335 doct-i
630 1301 811 1345 exemplo,
836 1302 896 1345 qui
920 1302 1013 1335 inter
1037 1300 1185 1345 368,00›
1209 1302 1364 1345 capitum
1379 1300 1505 1340 92000
1522 1302 1673 1335 militum

128 1357 322 1402 habebant,
346 1357 383 1390 id
408 1361 462 1391 est
485 1360 650 1401 quartam
673 1359 779 1392 totius
804 1357 928 1401 populi
958 1361 1098 1401 partem
1124 1357 1206 1399 (Jul.
1232 1356 1365 1391 Caesar
1390 1357 1435 1390 de
1461 1358 1559 1391 bello
1585 1357 1667 1391 Gal—

128 1414 197 1446 lico
223 1414 246 1445 1.
279 1424 307 1445 c.
333 1412 406 1455 29.)
455 1413 693 1457 Augebantur
729 1418 856 1457 postea
888 1412 1089 1447 Gothorum
1125 1414 1252 1456 copiae
1289 1414 1497 1448 transitione
1535 1413 1666 1447 ducum

127 1469 266 1503 Suideri
292 1473 328 1503 et
351 1469 476 1503 Coliae
499 1480 580 1503 cum
605 1479 730 1504 eorum
755 1470 916 1504 exercitu
940 1470 1139 1513 (Ammian.
1157 1470 1262 1503 Marc.
1294 1470 1352 1504 lib.
1378 1469 1419 1503 31
1449 1481 1477 1503 c.
1502 1470 1549 1512 4.)
1575 1471 1665 1504 mili-

126 1530 274 1568 tumque
310 1526 470 1569 familiis,
506 1525 638 1559 deinde
668 1526 825 1559 adventu
847 1526 1056 1559 Athanarici
1090 1537 1171 1558 cum
1203 1536 1247 1558 ea
1271 1528 1388 1569 gentis
1427 1531 1541 1570 parte,
1578 1536 1671 1570 quae

128 1583 162 1615 in
200 1582 387 1626 regionem
411 1580 742 1616 Caucalandensem
780 1593 819 1616 se
853 1586 1040 1626 receperat
1072 1583 1270 1625 (Ammian.
1302 1583 1398 1616 Marc
1446 1583 1468 1617 1.
1499 1584 1542 1617 97
1574 1595 1603 1619 c.
1636 1583 1669 1617 5.

128 1639 257 1672 Zosim.
282 1638 342 1672 1V.
379 1638 435 1671 25.
472 1638 526 1672 30.
572 1639 746 1673 Jornand.
772 1650 800 1673 c.
825 1638 880 1673 28.
911 1658 957 1663 —
992 1639 1116 1672 Zeuss:
1153 1639 1221 1672 Die
1258 1639 1464 1673 Deutschen
1501 1640 1575 1673 und
1611 1640 1669 1673 die

127 1695 447 1729 Nachbarstamme
479 1706 560 1740 pag.
583 1696 680 1739 415).
729 1696 830 1739 Quae
861 1707 971 1740 quum
1000 1697 1050 1730 ita
1081 1697 1168 1738 sint,
1200 1698 1358 1731 omnium
1384 1697 1668 1742 wisigothorum

126 1753 221 1786 ultra
244 1752 377 1786 flumen
391 1752 547 1786 Danubii
572 1753 781 1797 degentium
797 1754 982 1786 minimum
1009 1752 1190 1797 1,100,000
1215 1754 1333 1797 fuisse,
1357 1753 1585 1788 statuendum
1604 1758 1667 1788 est.

128 1809 248 1844 Posito
285 1810 392 1844 etiam
419 1813 455 1844 et
490 1820 673 1855 concesso,
712 1810 895 1844 dimidiam
931 1810 1060 1845 horum
1086 1809 1289 1844 Gothorum
1312 1818 1452 1855 partem
1489 1815 1551 1845 aut
1574 1812 1669 1846 ferro

129 1877 253 1901 caesos
277 1877 367 1910 esse,
392 1871 453 1900 aut
464 1867 613 1910 periisse
637 1867 732 1900 fame
747 1871 783 1900 et
807 1872 919 1910 peste,
944 1870 1005 1900 aut
1017 1868 1190 1900 meruisse
1213 1868 1250 1900 in
1276 1869 1493 1901 exercitibus
1517 1869 1670 1912 impera-

131 1925 218 1956 toris
245 1924 306 1964 (cf.
332 1923 494 1957 Zosimus
519 1923 562 1956 V.
578 1922 740 1965 13-22),
766 1922 950 1956 dimidiam
966 1926 1102 1956 tantum
1129 1926 1265 1966 partem
1291 1924 1463 1967 migrasse
1488 1934 1566 1957 cum
1586 1924 1670 1957 Ala·

127 1981 202 2014 rico
227 1980 262 2013 in
280 1980 431 2020 Italiam,
455 1984 576 2013 tamen
596 1979 752 2013 eundem
777 1990 966 2013 numerum
984 1979 1132 2021 55o‚000
1149 1980 1316 2023 capitum,
1341 1981 1482 2013 venisse
1505 1981 1541 2013 in
1560 1970 1669 2024 Aqui-

127 2038 262 2070 taniam
286 2036 432 2080 probari
458 2040 587 2080 potest.
636 2037 727 2070 Nam
752 2038 915 2080 quamvis
948 2036 1076 2070 multos
1101 2037 1269 2080 conjicias
1295 2036 1435 2070 deletos
1468 2046 1547 2069 esse
1572 2037 1669 2070 ferro

131 2098 166 2127 et
183 2094 278 2126 fame
303 2097 339 2127 et
355 2094 502 2136 morbis,
527 2093 611 2127 dum
637 2104 702 2137 per
719 2093 857 2127 Italiam
873 2097 909 2127 et
924 2092 1076 2127 Galliam
1102 2097 1138 2126 et
1150 2093 1357 2137 Hispaniam
1383 2097 1513 2136 errant,
1538 2092 1668 2127 horum

130 2150 298 2183 damnum
330 2151 407 2195 Jam
440 2154 548 2184 antea
570 2150 672 2195 large
697 2151 880 2194 effuseque
916 2150 1100 2194 expletum
1136 2153 1223 2183 erat.
1270 2150 1428 2183 Primum
1459 2150 1670 2184 transitione

128 2206 254 2250 30,000
288 2207 442 2240 militum
483 2206 747 2241 Germanorum
782 2207 979 2241 Stilichoris
1004 2207 1101 2248 (Zos.
1132 2206 1194 2239 lib.
1227 2206 1246 2238 5
1271 2217 1301 2239 c.
1325 2207 1388 2248 35)
1414 2206 1546 2239 deinde
1585 2207 1672 2250 suga

127 2262 191 2308 40,‹
207 2262 254 2297 OO
277 2273 462 2297 servorum
487 2264 523 2297 in
548 2266 664 2297 castra
688 2262 902 2300 Gothorum,
933 2274 1041 2308 quum
1067 2262 1134 2298 408
1158 2262 1321 2297 Alaricus
1347 2263 1497 2297 Romam
1529 2262 1671 2297 obside*

128 2321 200 2354 bat,
249 2321 318 2364 Qui
348 2322 443 2354 servi
474 2326 572 2355 certe
610 2322 768 2355 maxima
805 2331 852 2355 ex
887 2325 989 2365 parte
1028 2321 1192 2365 germani
1228 2323 1339 2353 erant.
1387 2320 1478 2353 Nam
1509 2320 1673 2354 Zosimus

127 2380 250 2411 narrat
283 2378 321 2410 in
345 2387 374 2411 c.
411 2375 466 2412 40.
504 2377 566 2411 lib.
594 2377 646 2422 V.,
683 2378 865 2412 Alaricum
902 2379 1110 2422 poposcisse
1143 2377 1371 2411 traditionem
1409 2378 1671 2421 mancipiorum

128 2434 377 2475 barbarorum,
402 2434 438 2468 id
456 2438 510 2468 est
522 2445 788 2479 germanorum.
836 2435 964 2478 Neque
989 2439 1106 2469 tantus
1120 2435 1393 2477 municipiorum
1411 2444 1668 2477 germanorum

128 2500 298 2523 numerus
323 2490 444 2533 habet,
469 2490 514 2523 de
539 2501 610 2534 quo
635 2492 819 2534 miremur,
844 2501 954 2535 quum
980 2490 1256 2535 cognoverimus
1282 2499 1329 2523 ex
1353 2489 1470 2523 Orosii
1495 2490 1576 2523 libri
1595 2489 1672 2524 VII.

131 2557 208 2590 cap.
234 2545 301 2589 37,
326 2547 498 2581 infinitam
525 2547 791 2582 multitudinem
817 2547 1082 2582 Germanorum
1106 2550 1142 2581 et
1164 2547 1324 2591 ipsorum
1352 2546 1673 2602 GothorumNapud

128 2602 296 2636 Faesulas
322 2606 444 2647 captos
476 2613 555 2637 esse
580 2609 616 2637 et
639 2603 816 2638 venditos.
863 2604 1057 2638 Praeterea
1088 2614 1198 2647 quum
1222 2603 1340 2637 Roma
1375 2604 1551 2648 effugeret
1574 2608 1674 2638 tanta

129 2669 315 2694 servorum
341 2659 542 2705 multitudo,
567 2670 615 2695 ex
638 2660 716 2695 aliis
741 2661 848 2695 etiam
873 2661 1021 2696 urbibus
1060 2660 1184 2695 Italiae
1209 2660 1322 2694 multa
1345 2671 1520 2705 germana
1544 2663 1675 2696 manci-

129 2717 190 2760 pia
213 2717 257 2750 ad
284 2720 430 2761 gentem
454 2727 555 2750 suam
581 2718 814 2761 transfugisse
839 2718 1013 2762 colligere
1038 2717 1222 2750 debemus.
1272 2716 1308 2749 Si
1333 2721 1478 2760 praeter
1493 2718 1586 2760 illos,
1612 2719 1675 2761 qui

130 2772 247 2807 Roma
271 2774 482 2819 effugerant,
512 2772 640 2817 30‚000
671 2774 850 2819 conjicere
882 2774 975 2818 licet,
1004 2774 1094 2808 fiunt
1119 2772 1268 2817 lO0,000
1291 2774 1566 2819 transfugarum.
1614 2773 1692 2808 Hisv

130 2830 242 2864 multo
267 2831 407 2875 maj0ra
446 2833 549 2864 erant
573 2839 617 2864 ea
660 2830 794 2864 auxilia
819 2830 1022 2865 Gothorum
1062 2834 1099 2865 et
1121 2830 1347 2875 Hunnorum,
1388 2841 1481 2874 quae
1512 2831 1675 2865 Alaricus

128 2895 293 2920 socerum
319 2886 530 2921 Athaulfum
555 2896 602 2921 ex
625 2886 813 2921 Pannonia
836 2886 1016 2922 adducere
1033 2889 1192 2933 jusserat
1214 2887 1363 2930 (Zosim.
1391 2886 1432 2922 V.
1445 2887 1521 2931 37).
1546 2887 1676 2930 Quam-
