<?xml version="1.0" encoding="UTF-8"?>
<!DOCTYPE html PUBLIC "-//W3C//DTD XHTML 1.0 Transitional//EN"
    "http://www.w3.org/TR/xhtml1/DTD/xhtml1-transitional.dtd">
<html xmlns="http://www.w3.org/1999/xhtml" xml:lang="en" lang="en">
 <head>
  <title>
</title>
<meta http-equiv="Content-Type" content="text/html;charset=utf-8" />
  <meta name='ocr-system' content='tesseract 3.04.00' />
  <meta name='ocr-capabilities' content='ocr_page ocr_carea ocr_par ocr_line ocrx_word'/>
</head>
<body>
  <div class='ocr_page' id='page_1' title='image "4737852_0041.png"; bbox 0 0 1924 3148; ppageno 0'>
   <div class='ocr_carea' id='block_1_1' title="bbox 936 96 991 138">
    <p class='ocr_par' dir='ltr' id='par_1_1' title="bbox 936 96 991 138">
     <span class='ocr_line' id='line_1_1' title="bbox 936 96 991 138; baseline -0.018 0"><span class='ocrx_word' id='word_1_1' title='bbox 936 96 991 138; x_wconf 83' lang='lat'>32</span> 
     </span>
    </p>
   </div>
   <div class='ocr_carea' id='block_1_2' title="bbox 828 167 1097 172">
    <p class='ocr_par' dir='ltr' id='par_1_2' title="bbox 828 167 1097 172">
     <span class='ocr_line' id='line_1_2' title="bbox 828 167 1097 172; baseline 0 0"><span class='ocrx_word' id='word_1_2' title='bbox 828 167 1097 172; x_wconf 95' lang='lat' dir='ltr'> </span> 
     </span>
    </p>
   </div>
   <div class='ocr_carea' id='block_1_3' title="bbox 185 231 1739 1226">
    <p class='ocr_par' dir='ltr' id='par_1_3' title="bbox 187 231 1737 421">
     <span class='ocr_line' id='line_1_3' title="bbox 187 231 1737 289; baseline 0.001 -15"><span class='ocrx_word' id='word_1_3' title='bbox 187 233 275 289; x_wconf 76' lang='lat' dir='ltr'>Qui</span> <span class='ocrx_word' id='word_1_4' title='bbox 305 232 663 275; x_wconf 87' lang='lat' dir='ltr'>adversariorum</span> <span class='ocrx_word' id='word_1_5' title='bbox 694 231 891 275; x_wconf 85' lang='lat' dir='ltr'>consiliis</span> <span class='ocrx_word' id='word_1_6' title='bbox 921 236 965 274; x_wconf 92' lang='lat' dir='ltr'>et</span> <span class='ocrx_word' id='word_1_7' title='bbox 1007 232 1153 276; x_wconf 84' lang='lat' dir='ltr'>subito</span> <span class='ocrx_word' id='word_1_8' title='bbox 1191 233 1360 287; x_wconf 89' lang='lat' dir='ltr'>impetu</span> <span class='ocrx_word' id='word_1_9' title='bbox 1391 246 1610 289; x_wconf 84' lang='lat' dir='ltr'>oppresus</span> <span class='ocrx_word' id='word_1_10' title='bbox 1655 239 1737 288; x_wconf 90' lang='lat' dir='ltr'>est,</span> 
     </span>
     <span class='ocr_line' id='line_1_4' title="bbox 187 297 1736 355; baseline 0.001 -13"><span class='ocrx_word' id='word_1_11' title='bbox 187 305 425 355; x_wconf 86' lang='lat' dir='ltr'>antequam</span> <span class='ocrx_word' id='word_1_12' title='bbox 463 300 721 342; x_wconf 84' lang='lat' dir='ltr'>necessaria</span> <span class='ocrx_word' id='word_1_13' title='bbox 749 297 1068 353; x_wconf 78' lang='lat' dir='ltr'>comparasset,</span> <span class='ocrx_word' id='word_1_14' title='bbox 1114 313 1202 354; x_wconf 93' lang='lat' dir='ltr'>quo</span> <span class='ocrx_word' id='word_1_15' title='bbox 1233 301 1394 342; x_wconf 82' lang='lat' dir='ltr'>factum</span> <span class='ocrx_word' id='word_1_16' title='bbox 1426 305 1506 355; x_wconf 91' lang='lat' dir='ltr'>est,</span> <span class='ocrx_word' id='word_1_17' title='bbox 1550 305 1597 343; x_wconf 92' lang='lat' dir='ltr'>ut</span> <span class='ocrx_word' id='word_1_18' title='bbox 1633 314 1736 343; x_wconf 91' lang='lat' dir='ltr'>cun-</span> 
     </span>
     <span class='ocr_line' id='line_1_5' title="bbox 187 367 1341 421; baseline 0 -12"><span class='ocrx_word' id='word_1_19' title='bbox 187 368 344 409; x_wconf 83' lang='lat' dir='ltr'>ctantis</span> <span class='ocrx_word' id='word_1_20' title='bbox 375 370 420 408; x_wconf 94' lang='lat' dir='ltr'>et</span> <span class='ocrx_word' id='word_1_21' title='bbox 449 367 729 409; x_wconf 86' lang='lat' dir='ltr'>defendentis</span> <span class='ocrx_word' id='word_1_22' title='bbox 759 379 886 408; x_wconf 91' lang='lat' dir='ltr'>more</span> <span class='ocrx_word' id='word_1_23' title='bbox 917 367 1080 408; x_wconf 92' lang='lat' dir='ltr'>bellum</span> <span class='ocrx_word' id='word_1_24' title='bbox 1111 368 1341 421; x_wconf 83' lang='lat' dir='ltr'><strong>inciperet.</strong></span> 
     </span>
    </p>

    <p class='ocr_par' dir='ltr' id='par_1_4' title="bbox 185 432 1739 1226">
     <span class='ocr_line' id='line_1_6' title="bbox 269 432 1738 488; baseline -0.001 -12"><span class='ocrx_word' id='word_1_25' title='bbox 269 434 462 488; x_wconf 88' lang='lat' dir='ltr'>Proelio‚</span> <span class='ocrx_word' id='word_1_26' title='bbox 504 433 625 488; x_wconf 90' lang='lat' dir='ltr'>quod</span> <span class='ocrx_word' id='word_1_27' title='bbox 655 433 907 475; x_wconf 86' lang='lat' dir='ltr'>conflictum</span> <span class='ocrx_word' id='word_1_28' title='bbox 946 437 1013 475; x_wconf 91' lang='lat' dir='ltr'>est</span> <span class='ocrx_word' id='word_1_29' title='bbox 1043 447 1162 476; x_wconf 90' lang='lat' dir='ltr'>anno</span> <span class='ocrx_word' id='word_1_30' title='bbox 1193 432 1276 474; x_wconf 88' lang='lat'>432</span> <span class='ocrx_word' id='word_1_31' title='bbox 1315 435 1431 476; x_wconf 87' lang='lat' dir='ltr'>inter</span> <span class='ocrx_word' id='word_1_32' title='bbox 1459 436 1738 478; x_wconf 85' lang='lat' dir='ltr'>Bonifacium</span> 
     </span>
     <span class='ocr_line' id='line_1_7' title="bbox 186 499 1737 555; baseline 0.001 -14"><span class='ocrx_word' id='word_1_33' title='bbox 186 504 231 541; x_wconf 89' lang='lat' dir='ltr'>et</span> <span class='ocrx_word' id='word_1_34' title='bbox 259 501 437 542; x_wconf 73' lang='lat' dir='ltr'>Aetium</span> <span class='ocrx_word' id='word_1_35' title='bbox 470 505 514 542; x_wconf 89' lang='lat' dir='ltr'>et</span> <span class='ocrx_word' id='word_1_36' title='bbox 543 499 664 554; x_wconf 92' lang='lat' dir='ltr'>quod</span> <span class='ocrx_word' id='word_1_37' title='bbox 694 500 924 542; x_wconf 88' lang='lat' dir='ltr'>Bonifacio</span> <span class='ocrx_word' id='word_1_38' title='bbox 957 512 1228 555; x_wconf 88' lang='lat' dir='ltr'>quamquam</span> <span class='ocrx_word' id='word_1_39' title='bbox 1271 502 1426 543; x_wconf 88' lang='lat' dir='ltr'>victori</span> <span class='ocrx_word' id='word_1_40' title='bbox 1457 505 1645 543; x_wconf 86' lang='lat' dir='ltr'>mortem</span> <span class='ocrx_word' id='word_1_41' title='bbox 1677 505 1737 543; x_wconf 91' lang='lat' dir='ltr'>at-</span> 
     </span>
     <span class='ocr_line' id='line_1_8' title="bbox 186 567 1736 623; baseline 0 -14"><span class='ocrx_word' id='word_1_42' title='bbox 186 567 296 622; x_wconf 88' lang='lat' dir='ltr'>tulit,</span> <span class='ocrx_word' id='word_1_43' title='bbox 342 568 513 610; x_wconf 84' lang='lat' dir='ltr'>Gothos</span> <span class='ocrx_word' id='word_1_44' title='bbox 549 567 804 609; x_wconf 83' lang='lat' dir='ltr'>interfuisse</span> <span class='ocrx_word' id='word_1_45' title='bbox 841 580 1062 621; x_wconf 84' lang='lat' dir='ltr'>nusquam</span> <span class='ocrx_word' id='word_1_46' title='bbox 1110 568 1313 622; x_wconf 88' lang='lat' dir='ltr'>legimus.</span> <span class='ocrx_word' id='word_1_47' title='bbox 1373 568 1462 610; x_wconf 90' lang='lat' dir='ltr'>Sed</span> <span class='ocrx_word' id='word_1_48' title='bbox 1500 572 1736 623; x_wconf 87' lang='lat' dir='ltr'>postquam</span> 
     </span>
     <span class='ocr_line' id='line_1_9' title="bbox 186 635 1738 690; baseline 0 -13"><span class='ocrx_word' id='word_1_49' title='bbox 186 636 342 677; x_wconf 74' lang='lat' dir='ltr'>Aetius</span> <span class='ocrx_word' id='word_1_50' title='bbox 371 635 496 677; x_wconf 89' lang='lat' dir='ltr'>brevi</span> <span class='ocrx_word' id='word_1_51' title='bbox 532 637 736 689; x_wconf 88' lang='lat' dir='ltr'>tempore</span> <span class='ocrx_word' id='word_1_52' title='bbox 766 637 868 689; x_wconf 89' lang='lat' dir='ltr'>post</span> <span class='ocrx_word' id='word_1_53' title='bbox 905 647 1070 690; x_wconf 86' lang='lat' dir='ltr'>magno</span> <span class='ocrx_word' id='word_1_54' title='bbox 1103 647 1202 677; x_wconf 91' lang='lat' dir='ltr'>cum</span> <span class='ocrx_word' id='word_1_55' title='bbox 1244 636 1443 678; x_wconf 84' lang='lat' dir='ltr'>exercitu</span> <span class='ocrx_word' id='word_1_56' title='bbox 1471 637 1738 679; x_wconf 89' lang='lat' dir='ltr'>Hunnorum</span> 
     </span>
     <span class='ocr_line' id='line_1_10' title="bbox 185 703 1736 757; baseline -0.001 -12"><span class='ocrx_word' id='word_1_57' title='bbox 185 704 229 744; x_wconf 92' lang='lat' dir='ltr'>in</span> <span class='ocrx_word' id='word_1_58' title='bbox 252 704 425 745; x_wconf 88' lang='lat' dir='ltr'>Italiam</span> <span class='ocrx_word' id='word_1_59' title='bbox 456 715 662 744; x_wconf 89' lang='lat' dir='ltr'>reversus</span> <span class='ocrx_word' id='word_1_60' title='bbox 684 706 764 757; x_wconf 93' lang='lat' dir='ltr'>est,</span> <span class='ocrx_word' id='word_1_61' title='bbox 795 703 1099 757; x_wconf 82' lang='lat' dir='ltr'>Sebastianus,</span> <span class='ocrx_word' id='word_1_62' title='bbox 1132 704 1208 757; x_wconf 90' lang='lat' dir='ltr'>qui</span> <span class='ocrx_word' id='word_1_63' title='bbox 1228 709 1331 757; x_wconf 87' lang='lat' dir='ltr'>post</span> <span class='ocrx_word' id='word_1_64' title='bbox 1350 704 1569 746; x_wconf 83' lang='lat' dir='ltr'>Bonifacii</span> <span class='ocrx_word' id='word_1_65' title='bbox 1589 704 1736 745; x_wconf 88' lang='lat' dir='ltr'>soceri</span> 
     </span>
     <span class='ocr_line' id='line_1_11' title="bbox 185 770 1737 825; baseline -0.001 -13"><span class='ocrx_word' id='word_1_66' title='bbox 185 771 410 812; x_wconf 86' lang='lat' dir='ltr'>interitum</span> <span class='ocrx_word' id='word_1_67' title='bbox 441 770 536 823; x_wconf 88' lang='lat' dir='ltr'>ejus</span> <span class='ocrx_word' id='word_1_68' title='bbox 580 782 767 811; x_wconf 89' lang='lat' dir='ltr'>munere</span> <span class='ocrx_word' id='word_1_69' title='bbox 804 770 1082 825; x_wconf 84' lang='lat' dir='ltr'>fungebatur,</span> <span class='ocrx_word' id='word_1_70' title='bbox 1128 770 1457 813; x_wconf 85' lang='lat' dir='ltr'>Theodoricum</span> <span class='ocrx_word' id='word_1_71' title='bbox 1504 771 1737 825; x_wconf 85' lang='lat' dir='ltr'>permovit,</span> 
     </span>
     <span class='ocr_line' id='line_1_12' title="bbox 187 838 1737 893; baseline 0 -14"><span class='ocrx_word' id='word_1_72' title='bbox 187 843 234 879; x_wconf 90' lang='lat' dir='ltr'>ut</span> <span class='ocrx_word' id='word_1_73' title='bbox 262 852 345 893; x_wconf 90' lang='lat' dir='ltr'>pro</span> <span class='ocrx_word' id='word_1_74' title='bbox 391 838 533 879; x_wconf 86' lang='lat' dir='ltr'>salute</span> <span class='ocrx_word' id='word_1_75' title='bbox 562 838 844 892; x_wconf 86' lang='lat' dir='ltr'>imperatoris</span> <span class='ocrx_word' id='word_1_76' title='bbox 889 842 934 879; x_wconf 88' lang='lat' dir='ltr'>et</span> <span class='ocrx_word' id='word_1_77' title='bbox 961 838 1186 880; x_wconf 86' lang='lat' dir='ltr'>Placidiae</span> <span class='ocrx_word' id='word_1_78' title='bbox 1232 840 1535 892; x_wconf 88' lang='lat' dir='ltr'>omniumque,</span> <span class='ocrx_word' id='word_1_79' title='bbox 1581 839 1656 892; x_wconf 90' lang='lat' dir='ltr'>qui</span> <span class='ocrx_word' id='word_1_80' title='bbox 1691 839 1737 879; x_wconf 89' lang='lat' dir='ltr'>in</span> 
     </span>
     <span class='ocr_line' id='line_1_13' title="bbox 186 905 1739 960; baseline -0.002 -12"><span class='ocrx_word' id='word_1_81' title='bbox 186 906 405 949; x_wconf 87' lang='lat' dir='ltr'>Bonifacii</span> <span class='ocrx_word' id='word_1_82' title='bbox 435 910 561 959; x_wconf 87' lang='lat' dir='ltr'>parte</span> <span class='ocrx_word' id='word_1_83' title='bbox 604 909 831 957; x_wconf 86' lang='lat' dir='ltr'>steterant,</span> <span class='ocrx_word' id='word_1_84' title='bbox 872 917 999 946; x_wconf 89' lang='lat' dir='ltr'>arma</span> <span class='ocrx_word' id='word_1_85' title='bbox 1027 906 1263 959; x_wconf 85' lang='lat' dir='ltr'>caperet.¹)</span> <span class='ocrx_word' id='word_1_86' title='bbox 1324 905 1525 960; x_wconf 70' lang='lat' dir='ltr'>Quorum</span> <span class='ocrx_word' id='word_1_87' title='bbox 1555 905 1739 958; x_wconf 87' lang='lat' dir='ltr'>impetui</span> 
     </span>
     <span class='ocr_line' id='line_1_14' title="bbox 186 972 1738 1026; baseline -0.002 -11"><span class='ocrx_word' id='word_1_88' title='bbox 186 974 342 1015; x_wconf 76' lang='lat' dir='ltr'>Aetius</span> <span class='ocrx_word' id='word_1_89' title='bbox 364 973 603 1025; x_wconf 79' lang='lat' dir='ltr'>antevenit,</span> <span class='ocrx_word' id='word_1_90' title='bbox 633 985 771 1026; x_wconf 89' lang='lat' dir='ltr'>quum</span> <span class='ocrx_word' id='word_1_91' title='bbox 801 973 1056 1026; x_wconf 80' lang='lat' dir='ltr'>pactionem</span> <span class='ocrx_word' id='word_1_92' title='bbox 1077 973 1209 1015; x_wconf 88' lang='lat' dir='ltr'>iniret</span> <span class='ocrx_word' id='word_1_93' title='bbox 1229 985 1329 1014; x_wconf 89' lang='lat' dir='ltr'>cum</span> <span class='ocrx_word' id='word_1_94' title='bbox 1350 972 1582 1025; x_wconf 84' lang='lat' dir='ltr'>Romanis,</span> <span class='ocrx_word' id='word_1_95' title='bbox 1613 973 1738 1026; x_wconf 76' lang='lat' dir='ltr'>quus</span> 
     </span>
     <span class='ocr_line' id='line_1_15' title="bbox 187 1038 1739 1094; baseline -0.001 -13"><span class='ocrx_word' id='word_1_96' title='bbox 187 1052 243 1081; x_wconf 89' lang='lat' dir='ltr'>ea</span> <span class='ocrx_word' id='word_1_97' title='bbox 270 1039 515 1094; x_wconf 88' lang='lat' dir='ltr'>praecipua</span> <span class='ocrx_word' id='word_1_98' title='bbox 535 1038 730 1080; x_wconf 90' lang='lat' dir='ltr'>conditio</span> <span class='ocrx_word' id='word_1_99' title='bbox 764 1043 871 1092; x_wconf 90' lang='lat' dir='ltr'>erat,</span> <span class='ocrx_word' id='word_1_100' title='bbox 902 1043 950 1080; x_wconf 91' lang='lat' dir='ltr'>ut</span> <span class='ocrx_word' id='word_1_101' title='bbox 978 1040 1090 1093; x_wconf 91' lang='lat' dir='ltr'>ipse,</span> <span class='ocrx_word' id='word_1_102' title='bbox 1120 1040 1263 1094; x_wconf 87' lang='lat' dir='ltr'>gratia</span> <span class='ocrx_word' id='word_1_103' title='bbox 1283 1044 1478 1094; x_wconf 87' lang='lat' dir='ltr'>accepta,</span> <span class='ocrx_word' id='word_1_104' title='bbox 1507 1041 1553 1080; x_wconf 94' lang='lat' dir='ltr'>in</span> <span class='ocrx_word' id='word_1_105' title='bbox 1582 1051 1739 1080; x_wconf 91' lang='lat' dir='ltr'>omnes</span> 
     </span>
     <span class='ocr_line' id='line_1_16' title="bbox 186 1106 1738 1161; baseline -0.001 -13"><span class='ocrx_word' id='word_1_106' title='bbox 186 1108 383 1149; x_wconf 90' lang='lat' dir='ltr'>honores</span> <span class='ocrx_word' id='word_1_107' title='bbox 400 1106 718 1159; x_wconf 85' lang='lat' dir='ltr'>restitueretur,</span> <span class='ocrx_word' id='word_1_108' title='bbox 749 1106 1038 1147; x_wconf 88' lang='lat' dir='ltr'>Sebastianus</span> <span class='ocrx_word' id='word_1_109' title='bbox 1060 1110 1208 1148; x_wconf 89' lang='lat' dir='ltr'>autem</span> <span class='ocrx_word' id='word_1_110' title='bbox 1225 1107 1433 1161; x_wconf 87' lang='lat' dir='ltr'>princeps</span> <span class='ocrx_word' id='word_1_111' title='bbox 1464 1106 1738 1148; x_wconf 85' lang='lat' dir='ltr'>adversario-</span> 
     </span>
     <span class='ocr_line' id='line_1_17' title="bbox 186 1173 949 1226; baseline 0 -11"><span class='ocrx_word' id='word_1_112' title='bbox 186 1188 299 1226; x_wconf 85' lang='lat' dir='ltr'>rum,</span> <span class='ocrx_word' id='word_1_113' title='bbox 329 1175 373 1215; x_wconf 89' lang='lat' dir='ltr'>in</span> <span class='ocrx_word' id='word_1_114' title='bbox 405 1173 614 1215; x_wconf 84' lang='lat' dir='ltr'>excilium</span> <span class='ocrx_word' id='word_1_115' title='bbox 647 1173 949 1221; x_wconf 77' lang='lat' dir='ltr'>mitte1·etur.²)</span> 
     </span>
    </p>
   </div>
   <div class='ocr_carea' id='block_1_4' title="bbox 672 1481 1245 1636">
    <p class='ocr_par' dir='ltr' id='par_1_5' title="bbox 672 1481 1245 1636">
     <span class='ocr_line' id='line_1_18' title="bbox 860 1481 1066 1531; baseline -0.01 -10"><span class='ocrx_word' id='word_1_116' title='bbox 860 1481 954 1531; x_wconf 85' lang='lat' dir='ltr'>Cap.</span> <span class='ocrx_word' id='word_1_117' title='bbox 984 1481 1066 1521; x_wconf 92' lang='lat'>111.</span> 
     </span>
     <span class='ocr_line' id='line_1_19' title="bbox 672 1583 1245 1636; baseline 0 -1"><span class='ocrx_word' id='word_1_118' title='bbox 672 1584 740 1635; x_wconf 84' lang='lat' dir='ltr'>De</span> <span class='ocrx_word' id='word_1_119' title='bbox 782 1584 900 1635; x_wconf 84' lang='lat' dir='ltr'>bello</span> <span class='ocrx_word' id='word_1_120' title='bbox 945 1583 1245 1636; x_wconf 85' lang='lat' dir='ltr'>Narbonensi.</span> 
     </span>
    </p>
   </div>
   <div class='ocr_carea' id='block_1_5' title="bbox 182 1724 1740 2320">
    <p class='ocr_par' dir='ltr' id='par_1_6' title="bbox 182 1724 1739 1916">
     <span class='ocr_line' id='line_1_20' title="bbox 274 1724 1736 1769; baseline 0.001 -1"><span class='ocrx_word' id='word_1_121' title='bbox 274 1727 371 1768; x_wconf 87' lang='lat' dir='ltr'>Hoc</span> <span class='ocrx_word' id='word_1_122' title='bbox 400 1725 536 1768; x_wconf 86' lang='lat' dir='ltr'>modo</span> <span class='ocrx_word' id='word_1_123' title='bbox 569 1724 758 1767; x_wconf 89' lang='lat' dir='ltr'>duorum</span> <span class='ocrx_word' id='word_1_124' title='bbox 788 1725 985 1768; x_wconf 90' lang='lat' dir='ltr'>virorum</span> <span class='ocrx_word' id='word_1_125' title='bbox 1017 1726 1353 1769; x_wconf 88' lang='lat' dir='ltr'>ambitiosorum</span> <span class='ocrx_word' id='word_1_126' title='bbox 1386 1730 1612 1769; x_wconf 89' lang='lat' dir='ltr'>certamen</span> <span class='ocrx_word' id='word_1_127' title='bbox 1642 1728 1736 1769; x_wconf 87' lang='lat' dir='ltr'>fini·</span> 
     </span>
     <span class='ocr_line' id='line_1_21' title="bbox 189 1793 1739 1848; baseline 0 -12"><span class='ocrx_word' id='word_1_128' title='bbox 189 1800 279 1836; x_wconf 93' lang='lat' dir='ltr'>tum</span> <span class='ocrx_word' id='word_1_129' title='bbox 311 1806 412 1836; x_wconf 90' lang='lat' dir='ltr'>esse</span> <span class='ocrx_word' id='word_1_130' title='bbox 442 1793 696 1839; x_wconf 83' lang='lat' dir='ltr'>videbatur;</span> <span class='ocrx_word' id='word_1_131' title='bbox 738 1794 815 1847; x_wconf 87' lang='lat' dir='ltr'>qui</span> <span class='ocrx_word' id='word_1_132' title='bbox 845 1793 980 1835; x_wconf 90' lang='lat' dir='ltr'>modo</span> <span class='ocrx_word' id='word_1_133' title='bbox 1011 1795 1151 1836; x_wconf 87' lang='lat' dir='ltr'>hostis</span> <span class='ocrx_word' id='word_1_134' title='bbox 1182 1795 1353 1848; x_wconf 86' lang='lat' dir='ltr'>patriae</span> <span class='ocrx_word' id='word_1_135' title='bbox 1383 1794 1739 1848; x_wconf 82' lang='lat' dir='ltr'>praedicabatur,</span> 
     </span>
     <span class='ocr_line' id='line_1_22' title="bbox 182 1861 1596 1916; baseline -0.001 -12"><span class='ocrx_word' id='word_1_136' title='bbox 182 1863 275 1916; x_wconf 90' lang='lat' dir='ltr'>jam</span> <span class='ocrx_word' id='word_1_137' title='bbox 306 1862 446 1916; x_wconf 90' lang='lat' dir='ltr'>ipsius</span> <span class='ocrx_word' id='word_1_138' title='bbox 475 1861 737 1902; x_wconf 90' lang='lat' dir='ltr'>Patriciatus</span> <span class='ocrx_word' id='word_1_139' title='bbox 768 1873 991 1902; x_wconf 90' lang='lat' dir='ltr'>summum</span> <span class='ocrx_word' id='word_1_140' title='bbox 1022 1862 1240 1903; x_wconf 87' lang='lat' dir='ltr'>honorem</span> <span class='ocrx_word' id='word_1_141' title='bbox 1273 1861 1596 1916; x_wconf 81' lang='lat' dir='ltr'>adipiscitur.³)</span> 
     </span>
    </p>

    <p class='ocr_par' dir='ltr' id='par_1_7' title="bbox 189 1928 1740 2252">
     <span class='ocr_line' id='line_1_23' title="bbox 275 1928 1740 1985; baseline 0.001 -15"><span class='ocrx_word' id='word_1_142' title='bbox 275 1930 481 1970; x_wconf 85' lang='lat' dir='ltr'>Attamen</span> <span class='ocrx_word' id='word_1_143' title='bbox 512 1929 729 1970; x_wconf 82' lang='lat' dir='ltr'>Bonifacii</span> <span class='ocrx_word' id='word_1_144' title='bbox 773 1931 900 1969; x_wconf 83' lang='lat' dir='ltr'>vetus</span> <span class='ocrx_word' id='word_1_145' title='bbox 931 1929 1064 1970; x_wconf 87' lang='lat' dir='ltr'>factio</span> <span class='ocrx_word' id='word_1_146' title='bbox 1112 1928 1312 1970; x_wconf 87' lang='lat' dir='ltr'>nondum</span> <span class='ocrx_word' id='word_1_147' title='bbox 1348 1929 1578 1970; x_wconf 50' lang='lat' dir='ltr'>¹exstincta</span> <span class='ocrx_word' id='word_1_148' title='bbox 1622 1933 1740 1985; x_wconf 69' lang='lat' dir='ltr'>erat,</span> 
     </span>
     <span class='ocr_line' id='line_1_24' title="bbox 189 1996 1739 2050; baseline 0.001 -12"><span class='ocrx_word' id='word_1_149' title='bbox 189 1998 471 2038; x_wconf 90' lang='lat' dir='ltr'>enitebantur</span> <span class='ocrx_word' id='word_1_150' title='bbox 518 2009 693 2038; x_wconf 86' lang='lat' dir='ltr'>summo</span> <span class='ocrx_word' id='word_1_151' title='bbox 739 1996 900 2050; x_wconf 90' lang='lat' dir='ltr'>studio,</span> <span class='ocrx_word' id='word_1_152' title='bbox 946 1996 1186 2050; x_wconf 86' lang='lat' dir='ltr'>diligentia,</span> <span class='ocrx_word' id='word_1_153' title='bbox 1232 1997 1462 2049; x_wconf 87' lang='lat' dir='ltr'>industria,</span> <span class='ocrx_word' id='word_1_154' title='bbox 1507 1998 1568 2037; x_wconf 90' lang='lat' dir='ltr'>uti</span> <span class='ocrx_word' id='word_1_155' title='bbox 1608 1998 1739 2039; x_wconf 74' lang='lat' dir='ltr'>Aetio</span> 
     </span>
     <span class='ocr_line' id='line_1_25' title="bbox 189 2064 1739 2118; baseline -0.001 -13"><span class='ocrx_word' id='word_1_156' title='bbox 189 2066 375 2118; x_wconf 76' lang='lat' dir='ltr'>eJusque</span> <span class='ocrx_word' id='word_1_157' title='bbox 406 2064 552 2114; x_wconf 79' lang='lat' dir='ltr'>sociiS,</span> <span class='ocrx_word' id='word_1_158' title='bbox 585 2065 660 2116; x_wconf 89' lang='lat' dir='ltr'>qui</span> <span class='ocrx_word' id='word_1_159' title='bbox 681 2064 856 2105; x_wconf 87' lang='lat' dir='ltr'>Romae</span> <span class='ocrx_word' id='word_1_160' title='bbox 887 2064 1148 2105; x_wconf 90' lang='lat' dir='ltr'>auctoritate</span> <span class='ocrx_word' id='word_1_161' title='bbox 1179 2064 1409 2117; x_wconf 88' lang='lat' dir='ltr'>florebant,</span> <span class='ocrx_word' id='word_1_162' title='bbox 1439 2065 1590 2106; x_wconf 88' lang='lat' dir='ltr'>hostes</span> <span class='ocrx_word' id='word_1_163' title='bbox 1623 2064 1739 2104; x_wconf 90' lang='lat' dir='ltr'>exci-</span> 
     </span>
     <span class='ocr_line' id='line_1_26' title="bbox 189 2130 1737 2185; baseline -0.001 -12"><span class='ocrx_word' id='word_1_164' title='bbox 189 2135 347 2185; x_wconf 81' lang='lat' dir='ltr'>tarent,</span> <span class='ocrx_word' id='word_1_165' title='bbox 376 2131 460 2171; x_wconf 91' lang='lat' dir='ltr'>hac</span> <span class='ocrx_word' id='word_1_166' title='bbox 490 2142 571 2184; x_wconf 87' lang='lat' dir='ltr'>spe</span> <span class='ocrx_word' id='word_1_167' title='bbox 601 2130 815 2184; x_wconf 88' lang='lat' dir='ltr'>perducti,</span> <span class='ocrx_word' id='word_1_168' title='bbox 845 2131 955 2184; x_wconf 88' lang='lat' dir='ltr'>fore,</span> <span class='ocrx_word' id='word_1_169' title='bbox 987 2134 1034 2172; x_wconf 89' lang='lat' dir='ltr'>ut</span> <span class='ocrx_word' id='word_1_170' title='bbox 1064 2131 1270 2173; x_wconf 89' lang='lat' dir='ltr'>omnibus</span> <span class='ocrx_word' id='word_1_171' title='bbox 1291 2131 1425 2172; x_wconf 90' lang='lat' dir='ltr'>rebus</span> <span class='ocrx_word' id='word_1_172' title='bbox 1455 2130 1737 2184; x_wconf 86' lang='lat' dir='ltr'>perturbatis,</span> 
     </span>
     <span class='ocr_line' id='line_1_27' title="bbox 189 2198 933 2252; baseline -0.001 -13"><span class='ocrx_word' id='word_1_173' title='bbox 189 2211 463 2239; x_wconf 87' lang='lat' dir='ltr'>summarum</span> <span class='ocrx_word' id='word_1_174' title='bbox 492 2210 642 2238; x_wconf 89' lang='lat' dir='ltr'>rerum</span> <span class='ocrx_word' id='word_1_175' title='bbox 673 2198 933 2252; x_wconf 89' lang='lat' dir='ltr'>potirentur.</span> 
     </span>
    </p>

    <p class='ocr_par' dir='ltr' id='par_1_8' title="bbox 272 2265 1739 2320">
     <span class='ocr_line' id='line_1_28' title="bbox 272 2265 1739 2320; baseline -0.001 -13"><span class='ocrx_word' id='word_1_176' title='bbox 272 2267 324 2307; x_wconf 92' lang='lat' dir='ltr'>In</span> <span class='ocrx_word' id='word_1_177' title='bbox 350 2265 626 2308; x_wconf 88' lang='lat' dir='ltr'>Theodorici</span> <span class='ocrx_word' id='word_1_178' title='bbox 654 2266 772 2319; x_wconf 85' lang='lat' dir='ltr'>regis</span> <span class='ocrx_word' id='word_1_179' title='bbox 802 2266 917 2319; x_wconf 87' lang='lat' dir='ltr'>aula,</span> <span class='ocrx_word' id='word_1_180' title='bbox 950 2277 1081 2320; x_wconf 91' lang='lat' dir='ltr'>quem</span> <span class='ocrx_word' id='word_1_181' title='bbox 1112 2266 1157 2306; x_wconf 91' lang='lat' dir='ltr'>in</span> <span class='ocrx_word' id='word_1_182' title='bbox 1180 2265 1470 2320; x_wconf 79' lang='lat' dir='ltr'>Sebastiani⁴)</span> <span class='ocrx_word' id='word_1_183' title='bbox 1500 2269 1626 2320; x_wconf 88' lang='lat' dir='ltr'>parte</span> <span class='ocrx_word' id='word_1_184' title='bbox 1656 2269 1739 2306; x_wconf 91' lang='lat' dir='ltr'>ste-</span> 
     </span>
    </p>
   </div>
   <div class='ocr_carea' id='block_1_6' title="bbox 187 2399 1741 2886">
    <p class='ocr_par' dir='ltr' id='par_1_9' title="bbox 188 2399 1741 2491">
     <span class='ocr_line' id='line_1_29' title="bbox 267 2399 1741 2444; baseline -0.001 -11"><span class='ocrx_word' id='word_1_185' title='bbox 267 2402 289 2444; x_wconf 84' lang='grc'>1)</span> <span class='ocrx_word' id='word_1_186' title='bbox 312 2401 437 2444; x_wconf 83' lang='lat' dir='ltr'>Prosp.</span> <span class='ocrx_word' id='word_1_187' title='bbox 463 2401 560 2434; x_wconf 89' lang='lat' dir='ltr'>Tiro.</span> <span class='ocrx_word' id='word_1_188' title='bbox 586 2401 633 2434; x_wconf 83' lang='lat' dir='ltr'>ad</span> <span class='ocrx_word' id='word_1_189' title='bbox 658 2401 691 2435; x_wconf 92' lang='lat' dir='ltr'>h.</span> <span class='ocrx_word' id='word_1_190' title='bbox 718 2411 818 2434; x_wconf 89' lang='lat' dir='ltr'>ann.:</span> <span class='ocrx_word' id='word_1_191' title='bbox 860 2400 995 2444; x_wconf 87' lang='lat' dir='ltr'>„Gothi</span> <span class='ocrx_word' id='word_1_192' title='bbox 1021 2400 1067 2434; x_wconf 90' lang='lat' dir='ltr'>ad</span> <span class='ocrx_word' id='word_1_193' title='bbox 1100 2399 1291 2433; x_wconf 79' lang='lat' dir='ltr'>serendum</span> <span class='ocrx_word' id='word_1_194' title='bbox 1324 2399 1497 2433; x_wconf 87' lang='lat' dir='ltr'>auxilium</span> <span class='ocrx_word' id='word_1_195' title='bbox 1523 2410 1545 2432; x_wconf 86' lang='lat' dir='ltr'>a</span> <span class='ocrx_word' id='word_1_196' title='bbox 1570 2400 1741 2433; x_wconf 77' lang='lat' dir='ltr'>Romanis</span> 
     </span>
     <span class='ocr_line' id='line_1_30' title="bbox 188 2458 327 2491; baseline -0.007 0"><span class='ocrx_word' id='word_1_197' title='bbox 188 2458 327 2491; x_wconf 79' lang='lat' dir='ltr'>acciti.“</span> 
     </span>
    </p>

    <p class='ocr_par' dir='ltr' id='par_1_10' title="bbox 187 2512 1741 2613">
     <span class='ocr_line' id='line_1_31' title="bbox 260 2512 1741 2557; baseline -0.002 -10"><span class='ocrx_word' id='word_1_198' title='bbox 260 2513 291 2555; x_wconf 73' lang='lat'>²)</span> <span class='ocrx_word' id='word_1_199' title='bbox 315 2513 441 2557; x_wconf 86' lang='lat' dir='ltr'>Prosp.</span> <span class='ocrx_word' id='word_1_200' title='bbox 467 2513 586 2557; x_wconf 86' lang='lat' dir='ltr'>Aquit.</span> <span class='ocrx_word' id='word_1_201' title='bbox 612 2513 658 2547; x_wconf 90' lang='lat' dir='ltr'>ad</span> <span class='ocrx_word' id='word_1_202' title='bbox 683 2524 766 2548; x_wconf 89' lang='lat' dir='ltr'>ann.</span> <span class='ocrx_word' id='word_1_203' title='bbox 795 2514 831 2547; x_wconf 87' lang='lat' dir='ltr'>ll</span> <span class='ocrx_word' id='word_1_204' title='bbox 853 2513 994 2548; x_wconf 85' lang='lat' dir='ltr'>Theod.</span> <span class='ocrx_word' id='word_1_205' title='bbox 1019 2533 1064 2539; x_wconf 85' lang='lat'><em>-</em></span> <span class='ocrx_word' id='word_1_206' title='bbox 1089 2513 1223 2547; x_wconf 81' lang='lat' dir='ltr'>idatius</span> <span class='ocrx_word' id='word_1_207' title='bbox 1247 2512 1294 2546; x_wconf 89' lang='lat' dir='ltr'>ad</span> <span class='ocrx_word' id='word_1_208' title='bbox 1319 2513 1352 2546; x_wconf 83' lang='lat' dir='ltr'>h.</span> <span class='ocrx_word' id='word_1_209' title='bbox 1367 2524 1448 2546; x_wconf 86' lang='lat' dir='ltr'>anu.</span> <span class='ocrx_word' id='word_1_210' title='bbox 1476 2532 1515 2537; x_wconf 92' lang='lat'><em>-</em></span> <span class='ocrx_word' id='word_1_211' title='bbox 1544 2512 1741 2545; x_wconf 83' lang='lat' dir='ltr'>Marcellini</span> 
     </span>
     <span class='ocr_line' id='line_1_32' title="bbox 187 2570 1134 2613; baseline 0 -11"><span class='ocrx_word' id='word_1_212' title='bbox 187 2570 346 2604; x_wconf 84' lang='lat' dir='ltr'>chronic.</span> <span class='ocrx_word' id='word_1_213' title='bbox 375 2570 422 2603; x_wconf 86' lang='lat' dir='ltr'>ad</span> <span class='ocrx_word' id='word_1_214' title='bbox 445 2570 480 2603; x_wconf 85' lang='lat' dir='ltr'>h.</span> <span class='ocrx_word' id='word_1_215' title='bbox 505 2581 646 2603; x_wconf 88' lang='lat' dir='ltr'>ann.—</span> <span class='ocrx_word' id='word_1_216' title='bbox 670 2570 770 2613; x_wconf 89' lang='lat' dir='ltr'>Sulp.</span> <span class='ocrx_word' id='word_1_217' title='bbox 796 2570 950 2603; x_wconf 86' lang='lat' dir='ltr'>Severus</span> <span class='ocrx_word' id='word_1_218' title='bbox 976 2570 1134 2604; x_wconf 85' lang='lat' dir='ltr'>chronic.</span> 
     </span>
    </p>

    <p class='ocr_par' dir='ltr' id='par_1_11' title="bbox 262 2625 858 2668">
     <span class='ocr_line' id='line_1_33' title="bbox 262 2625 858 2668; baseline 0 -9"><span class='ocrx_word' id='word_1_219' title='bbox 262 2626 293 2668; x_wconf 78' lang='lat'>³)</span> <span class='ocrx_word' id='word_1_220' title='bbox 320 2625 453 2660; x_wconf 85' lang='lat' dir='ltr'>Idatius</span> <span class='ocrx_word' id='word_1_221' title='bbox 477 2625 525 2659; x_wconf 87' lang='lat' dir='ltr'>ad</span> <span class='ocrx_word' id='word_1_222' title='bbox 549 2637 632 2660; x_wconf 86' lang='lat' dir='ltr'>ann.</span> <span class='ocrx_word' id='word_1_223' title='bbox 657 2625 690 2659; x_wconf 87' lang='grc'>9.</span> <span class='ocrx_word' id='word_1_224' title='bbox 716 2625 858 2659; x_wconf 89' lang='lat' dir='ltr'>Valent.</span> 
     </span>
    </p>

    <p class='ocr_par' dir='ltr' id='par_1_12' title="bbox 187 2679 1740 2886">
     <span class='ocr_line' id='line_1_34' title="bbox 244 2679 1740 2726; baseline -0.001 -11"><span class='ocrx_word' id='word_1_225' title='bbox 244 2681 290 2724; x_wconf 61' lang='lat'>¹1¹)</span> <span class='ocrx_word' id='word_1_226' title='bbox 316 2682 581 2725; x_wconf 84' lang='lat' dir='ltr'>Sebastianum,</span> <span class='ocrx_word' id='word_1_227' title='bbox 606 2693 714 2726; x_wconf 88' lang='lat' dir='ltr'>quem</span> <span class='ocrx_word' id='word_1_228' title='bbox 732 2682 960 2715; x_wconf 88' lang='lat' dir='ltr'>Marcellinus</span> <span class='ocrx_word' id='word_1_229' title='bbox 985 2681 1210 2721; x_wconf 50' lang='lat' dir='ltr'>&lt;Theodosio</span> <span class='ocrx_word' id='word_1_230' title='bbox 1224 2682 1303 2715; x_wconf 91' lang='lat' dir='ltr'>XV.</span> <span class='ocrx_word' id='word_1_231' title='bbox 1328 2680 1531 2716; x_wconf 87' lang='lat' dir='ltr'>Valent.1V</span> <span class='ocrx_word' id='word_1_232' title='bbox 1559 2691 1640 2714; x_wconf 86' lang='lat' dir='ltr'>ann.</span> <span class='ocrx_word' id='word_1_233' title='bbox 1654 2679 1740 2723; x_wconf 85' lang='lat'><strong>435)</strong></span> 
     </span>
     <span class='ocr_line' id='line_1_35' title="bbox 189 2736 1740 2783; baseline -0.001 -11"><span class='ocrx_word' id='word_1_234' title='bbox 189 2739 277 2773; x_wconf 86' lang='lat' dir='ltr'>urbe</span> <span class='ocrx_word' id='word_1_235' title='bbox 294 2739 460 2783; x_wconf 86' lang='lat' dir='ltr'>Augusta</span> <span class='ocrx_word' id='word_1_236' title='bbox 484 2736 832 2782; x_wconf 85' lang='lat' dir='ltr'>(Constantinopoli)</span> <span class='ocrx_word' id='word_1_237' title='bbox 857 2739 993 2782; x_wconf 87' lang='lat' dir='ltr'>fugisse</span> <span class='ocrx_word' id='word_1_238' title='bbox 1012 2738 1130 2782; x_wconf 84' lang='lat' dir='ltr'>tradit,</span> <span class='ocrx_word' id='word_1_239' title='bbox 1157 2738 1290 2772; x_wconf 80' lang='lat' dir='ltr'>idatius</span> <span class='ocrx_word' id='word_1_240' title='bbox 1307 2742 1387 2782; x_wconf 85' lang='lat' dir='ltr'>post</span> <span class='ocrx_word' id='word_1_241' title='bbox 1414 2739 1535 2782; x_wconf 85' lang='lat' dir='ltr'>fugam</span> <span class='ocrx_word' id='word_1_242' title='bbox 1561 2737 1607 2771; x_wconf 90' lang='lat' dir='ltr'>ad</span> <span class='ocrx_word' id='word_1_243' title='bbox 1620 2737 1740 2771; x_wconf 88' lang='lat' dir='ltr'>Theo—</span> 
     </span>
     <span class='ocr_line' id='line_1_36' title="bbox 187 2794 1736 2839; baseline -0.003 -10"><span class='ocrx_word' id='word_1_244' title='bbox 187 2796 350 2830; x_wconf 81' lang='lat' dir='ltr'>doricum</span> <span class='ocrx_word' id='word_1_245' title='bbox 376 2805 502 2839; x_wconf 86' lang='lat' dir='ltr'>regem</span> <span class='ocrx_word' id='word_1_246' title='bbox 527 2805 566 2828; x_wconf 85' lang='lat' dir='ltr'>se</span> <span class='ocrx_word' id='word_1_247' title='bbox 590 2795 785 2829; x_wconf 88' lang='lat' dir='ltr'>contulisse</span> <span class='ocrx_word' id='word_1_248' title='bbox 812 2800 1000 2838; x_wconf 85' lang='lat' dir='ltr'>memorat,</span> <span class='ocrx_word' id='word_1_249' title='bbox 1033 2796 1155 2838; x_wconf 87' lang='lat' dir='ltr'>magni</span> <span class='ocrx_word' id='word_1_250' title='bbox 1180 2797 1362 2838; x_wconf 86' lang='lat' dir='ltr'>sequentis</span> <span class='ocrx_word' id='word_1_251' title='bbox 1388 2795 1475 2828; x_wconf 89' lang='lat' dir='ltr'>belli</span> <span class='ocrx_word' id='word_1_252' title='bbox 1501 2794 1736 2827; x_wconf 85' lang='lat' dir='ltr'>excitatorem</span> 
     </span>
     <span class='ocr_line' id='line_1_37' title="bbox 187 2851 604 2886; baseline 0 -1"><span class='ocrx_word' id='word_1_253' title='bbox 187 2853 295 2886; x_wconf 81' lang='lat' dir='ltr'>fuisse</span> <span class='ocrx_word' id='word_1_254' title='bbox 321 2851 514 2885; x_wconf 86' lang='lat' dir='ltr'>verisimile</span> <span class='ocrx_word' id='word_1_255' title='bbox 540 2855 604 2886; x_wconf 90' lang='lat' dir='ltr'>est.</span> 
     </span>
    </p>
   </div>
  </div>
 </body>
</html>
