<?xml version="1.0" encoding="UTF-8"?>
<!DOCTYPE html PUBLIC "-//W3C//DTD XHTML 1.0 Transitional//EN"
    "http://www.w3.org/TR/xhtml1/DTD/xhtml1-transitional.dtd">
<html xmlns="http://www.w3.org/1999/xhtml" xml:lang="en" lang="en">
 <head>
  <title>
</title>
<meta http-equiv="Content-Type" content="text/html;charset=utf-8" />
  <meta name='ocr-system' content='tesseract 3.04.00' />
  <meta name='ocr-capabilities' content='ocr_page ocr_carea ocr_par ocr_line ocrx_word'/>
</head>
<body>
  <div class='ocr_page' id='page_1' title='image "4737852_0048.png"; bbox 0 0 1924 3148; ppageno 0'>
   <div class='ocr_carea' id='block_1_1' title="bbox 980 106 1035 148">
    <p class='ocr_par' dir='ltr' id='par_1_1' title="bbox 980 106 1035 148">
     <span class='ocr_line' id='line_1_1' title="bbox 980 106 1035 148; baseline 0 0"><span class='ocrx_word' id='word_1_1' title='bbox 980 106 1035 148; x_wconf 89' lang='lat'>39</span> 
     </span>
    </p>
   </div>
   <div class='ocr_carea' id='block_1_2' title="bbox 871 171 1139 179">
    <p class='ocr_par' dir='ltr' id='par_1_2' title="bbox 871 171 1139 179">
     <span class='ocr_line' id='line_1_2' title="bbox 871 171 1139 179; baseline 0 0"><span class='ocrx_word' id='word_1_2' title='bbox 871 171 1139 179; x_wconf 95' lang='lat' dir='ltr'> </span> 
     </span>
    </p>
   </div>
   <div class='ocr_carea' id='block_1_3' title="bbox 226 240 1778 759">
    <p class='ocr_par' dir='ltr' id='par_1_3' title="bbox 226 240 1778 759">
     <span class='ocr_line' id='line_1_3' title="bbox 231 240 1778 297; baseline 0.003 -17"><span class='ocrx_word' id='word_1_3' title='bbox 231 240 538 283; x_wconf 85' lang='lat' dir='ltr'>Romanorum</span> <span class='ocrx_word' id='word_1_4' title='bbox 570 245 718 283; x_wconf 86' lang='lat' dir='ltr'>castra</span> <span class='ocrx_word' id='word_1_5' title='bbox 747 254 796 283; x_wconf 90' lang='lat' dir='ltr'>se</span> <span class='ocrx_word' id='word_1_6' title='bbox 818 243 1001 295; x_wconf 83' lang='lat' dir='ltr'><strong>confert,</strong></span> <span class='ocrx_word' id='word_1_7' title='bbox 1030 242 1106 283; x_wconf 92' lang='lat' dir='ltr'>ubi</span> <span class='ocrx_word' id='word_1_8' title='bbox 1136 241 1237 282; x_wconf 91' lang='lat' dir='ltr'>duci</span> <span class='ocrx_word' id='word_1_9' title='bbox 1268 242 1548 296; x_wconf 85' lang='lat' dir='ltr'>persuadeat,</span> <span class='ocrx_word' id='word_1_10' title='bbox 1579 246 1627 284; x_wconf 93' lang='lat' dir='ltr'>ut</span> <span class='ocrx_word' id='word_1_11' title='bbox 1654 243 1778 297; x_wconf 82' lang='lat' dir='ltr'><strong>pacis</strong></span> 
     </span>
     <span class='ocr_line' id='line_1_4' title="bbox 231 307 1778 362; baseline 0.001 -14"><span class='ocrx_word' id='word_1_12' title='bbox 231 308 346 359; x_wconf 86' lang='lat' dir='ltr'>(sine</span> <span class='ocrx_word' id='word_1_13' title='bbox 367 307 503 350; x_wconf 93' lang='lat' dir='ltr'>dubio</span> <span class='ocrx_word' id='word_1_14' title='bbox 524 309 734 359; x_wconf 84' lang='lat' dir='ltr'>humiles)</span> <span class='ocrx_word' id='word_1_15' title='bbox 756 308 1035 351; x_wconf 89' lang='lat' dir='ltr'>conditiones</span> <span class='ocrx_word' id='word_1_16' title='bbox 1065 309 1269 362; x_wconf 88' lang='lat' dir='ltr'>accipere</span> <span class='ocrx_word' id='word_1_17' title='bbox 1290 309 1406 350; x_wconf 91' lang='lat' dir='ltr'>velit.</span> <span class='ocrx_word' id='word_1_18' title='bbox 1464 310 1555 351; x_wconf 89' lang='lat' dir='ltr'>Sed</span> <span class='ocrx_word' id='word_1_19' title='bbox 1572 311 1778 362; x_wconf 78' lang='lat' dir='ltr'>Litorius,</span> 
     </span>
     <span class='ocr_line' id='line_1_5' title="bbox 229 374 1773 428; baseline 0.001 -15"><span class='ocrx_word' id='word_1_20' title='bbox 229 374 334 414; x_wconf 92' lang='lat' dir='ltr'>belli</span> <span class='ocrx_word' id='word_1_21' title='bbox 363 375 670 416; x_wconf 82' lang='lat' dir='ltr'>Narbonensis</span> <span class='ocrx_word' id='word_1_22' title='bbox 707 376 836 415; x_wconf 87' lang='lat' dir='ltr'>felice</span> <span class='ocrx_word' id='word_1_23' title='bbox 867 378 1029 416; x_wconf 85' lang='lat' dir='ltr'>eventu</span> <span class='ocrx_word' id='word_1_24' title='bbox 1058 376 1330 427; x_wconf 88' lang='lat' dir='ltr'>superbiens,</span> <span class='ocrx_word' id='word_1_25' title='bbox 1377 374 1503 428; x_wconf 86' lang='lat' dir='ltr'>hujus</span> <span class='ocrx_word' id='word_1_26' title='bbox 1535 377 1668 416; x_wconf 92' lang='lat' dir='ltr'>etiam</span> <span class='ocrx_word' id='word_1_27' title='bbox 1699 387 1773 416; x_wconf 85' lang='lat' dir='ltr'>ex·</span> 
     </span>
     <span class='ocr_line' id='line_1_6' title="bbox 228 438 1773 496; baseline 0.001 -16"><span class='ocrx_word' id='word_1_28' title='bbox 228 438 466 492; x_wconf 89' lang='lat' dir='ltr'>peditionis</span> <span class='ocrx_word' id='word_1_29' title='bbox 488 440 722 494; x_wconf 90' lang='lat' dir='ltr'>splendido</span> <span class='ocrx_word' id='word_1_30' title='bbox 737 441 863 483; x_wconf 88' lang='lat' dir='ltr'>initio</span> <span class='ocrx_word' id='word_1_31' title='bbox 882 453 1041 482; x_wconf 89' lang='lat' dir='ltr'>caecus</span> <span class='ocrx_word' id='word_1_32' title='bbox 1056 442 1210 494; x_wconf 89' lang='lat' dir='ltr'>factus,</span> <span class='ocrx_word' id='word_1_33' title='bbox 1242 454 1378 495; x_wconf 88' lang='lat' dir='ltr'>quum</span> <span class='ocrx_word' id='word_1_34' title='bbox 1395 442 1773 496; x_wconf 85' lang='lat' dir='ltr'>expugnationem</span> 
     </span>
     <span class='ocr_line' id='line_1_7' title="bbox 235 506 1773 561; baseline 0.001 -15"><span class='ocrx_word' id='word_1_35' title='bbox 235 506 430 547; x_wconf 84' lang='lat' dir='ltr'>Tolosae</span> <span class='ocrx_word' id='word_1_36' title='bbox 461 507 580 547; x_wconf 89' lang='lat' dir='ltr'>urbis</span> <span class='ocrx_word' id='word_1_37' title='bbox 612 508 901 561; x_wconf 89' lang='lat' dir='ltr'>omniumque</span> <span class='ocrx_word' id='word_1_38' title='bbox 923 508 1167 549; x_wconf 83' lang='lat' dir='ltr'>Gothorum</span> <span class='ocrx_word' id='word_1_39' title='bbox 1199 508 1516 550; x_wconf 82' lang='lat' dir='ltr'>extinctionem</span> <span class='ocrx_word' id='word_1_40' title='bbox 1547 508 1666 548; x_wconf 88' lang='lat' dir='ltr'>haud</span> <span class='ocrx_word' id='word_1_41' title='bbox 1696 508 1773 548; x_wconf 84' lang='lat' dir='ltr'>dis-</span> 
     </span>
     <span class='ocr_line' id='line_1_8' title="bbox 227 572 1773 628; baseline 0.001 -15"><span class='ocrx_word' id='word_1_42' title='bbox 227 572 386 614; x_wconf 90' lang='lat' dir='ltr'>ficilem</span> <span class='ocrx_word' id='word_1_43' title='bbox 409 573 493 615; x_wconf 86' lang='lat' dir='ltr'>sibi</span> <span class='ocrx_word' id='word_1_44' title='bbox 522 574 619 616; x_wconf 88' lang='lat' dir='ltr'>fore</span> <span class='ocrx_word' id='word_1_45' title='bbox 639 578 775 628; x_wconf 88' lang='lat' dir='ltr'>putet,</span> <span class='ocrx_word' id='word_1_46' title='bbox 805 575 928 628; x_wconf 85' lang='lat' dir='ltr'>pacis</span> <span class='ocrx_word' id='word_1_47' title='bbox 958 575 1174 616; x_wconf 87' lang='lat' dir='ltr'>honestae</span> <span class='ocrx_word' id='word_1_48' title='bbox 1195 574 1523 616; x_wconf 89' lang='lat' dir='ltr'>conditionibus</span> <span class='ocrx_word' id='word_1_49' title='bbox 1544 575 1773 626; x_wconf 85' lang='lat' dir='ltr'>recusatis,</span> 
     </span>
     <span class='ocr_line' id='line_1_9' title="bbox 229 634 1773 694; baseline 0.002 -15"><span class='ocrx_word' id='word_1_50' title='bbox 229 651 283 680; x_wconf 93' lang='lat' dir='ltr'>eo</span> <span class='ocrx_word' id='word_1_51' title='bbox 315 640 595 692; x_wconf 88' lang='lat' dir='ltr'>arrogantiae</span> <span class='ocrx_word' id='word_1_52' title='bbox 627 643 671 681; x_wconf 91' lang='lat' dir='ltr'>et</span> <span class='ocrx_word' id='word_1_53' title='bbox 698 641 900 681; x_wconf 86' lang='lat' dir='ltr'>insaniae</span> <span class='ocrx_word' id='word_1_54' title='bbox 920 634 1134 694; x_wconf 88' lang='lat' dir='ltr'>procedit,</span> <span class='ocrx_word' id='word_1_55' title='bbox 1163 644 1211 681; x_wconf 92' lang='lat' dir='ltr'>ut</span> <span class='ocrx_word' id='word_1_56' title='bbox 1225 640 1392 682; x_wconf 87' lang='lat' dir='ltr'>indicet</span> <span class='ocrx_word' id='word_1_57' title='bbox 1421 641 1552 693; x_wconf 88' lang='lat' dir='ltr'>diem,</span> <span class='ocrx_word' id='word_1_58' title='bbox 1585 653 1674 694; x_wconf 87' lang='lat' dir='ltr'>qua</span> <span class='ocrx_word' id='word_1_59' title='bbox 1688 641 1773 682; x_wconf 92' lang='lat' dir='ltr'>To-</span> 
     </span>
     <span class='ocr_line' id='line_1_10' title="bbox 226 705 1130 759; baseline 0.003 -14"><span class='ocrx_word' id='word_1_60' title='bbox 226 705 370 746; x_wconf 88' lang='lat' dir='ltr'>losam</span> <span class='ocrx_word' id='word_1_61' title='bbox 399 705 555 747; x_wconf 88' lang='lat' dir='ltr'>urbem</span> <span class='ocrx_word' id='word_1_62' title='bbox 586 707 727 748; x_wconf 90' lang='lat' dir='ltr'>victor</span> <span class='ocrx_word' id='word_1_63' title='bbox 754 707 1034 759; x_wconf 88' lang='lat' dir='ltr'>ingressurus</span> <span class='ocrx_word' id='word_1_64' title='bbox 1065 708 1130 748; x_wconf 87' lang='lat' dir='ltr'>sit.</span> 
     </span>
    </p>
   </div>
   <div class='ocr_carea' id='block_1_4' title="bbox 224 783 1773 1506">
    <p class='ocr_par' dir='ltr' id='par_1_4' title="bbox 224 783 1773 1506">
     <span class='ocr_line' id='line_1_11' title="bbox 311 783 1773 839; baseline 0.001 -16"><span class='ocrx_word' id='word_1_65' title='bbox 311 783 409 824; x_wconf 90' lang='lat' dir='ltr'>Hoc</span> <span class='ocrx_word' id='word_1_66' title='bbox 424 783 617 824; x_wconf 87' lang='lat' dir='ltr'>Romani</span> <span class='ocrx_word' id='word_1_67' title='bbox 648 784 771 825; x_wconf 92' lang='lat' dir='ltr'>ducis</span> <span class='ocrx_word' id='word_1_68' title='bbox 786 796 1067 839; x_wconf 90' lang='lat' dir='ltr'>responsum,</span> <span class='ocrx_word' id='word_1_69' title='bbox 1098 798 1125 826; x_wconf 85' lang='lat' dir='ltr'>a</span> <span class='ocrx_word' id='word_1_70' title='bbox 1154 788 1307 827; x_wconf 90' lang='lat' dir='ltr'>sancto</span> <span class='ocrx_word' id='word_1_71' title='bbox 1325 785 1539 839; x_wconf 88' lang='lat' dir='ltr'>episcopo</span> <span class='ocrx_word' id='word_1_72' title='bbox 1570 785 1773 838; x_wconf 90' lang='lat' dir='ltr'>relatum,</span> 
     </span>
     <span class='ocr_line' id='line_1_12' title="bbox 227 850 1772 906; baseline 0.001 -16"><span class='ocrx_word' id='word_1_73' title='bbox 227 850 474 891; x_wconf 85' lang='lat' dir='ltr'>Gothorum</span> <span class='ocrx_word' id='word_1_74' title='bbox 506 851 664 892; x_wconf 86' lang='lat' dir='ltr'>animis</span> <span class='ocrx_word' id='word_1_75' title='bbox 702 853 818 893; x_wconf 92' lang='lat' dir='ltr'>inter</span> <span class='ocrx_word' id='word_1_76' title='bbox 847 852 1000 893; x_wconf 89' lang='lat' dir='ltr'>salutis</span> <span class='ocrx_word' id='word_1_77' title='bbox 1030 865 1156 906; x_wconf 90' lang='lat' dir='ltr'>spem</span> <span class='ocrx_word' id='word_1_78' title='bbox 1202 856 1246 894; x_wconf 90' lang='lat' dir='ltr'>et</span> <span class='ocrx_word' id='word_1_79' title='bbox 1275 852 1636 906; x_wconf 88' lang='lat' dir='ltr'>desperationem</span> <span class='ocrx_word' id='word_1_80' title='bbox 1665 863 1772 906; x_wconf 91' lang='lat' dir='ltr'>pen-</span> 
     </span>
     <span class='ocr_line' id='line_1_13' title="bbox 228 917 1770 974; baseline 0.001 -17"><span class='ocrx_word' id='word_1_81' title='bbox 228 917 446 971; x_wconf 86' lang='lat' dir='ltr'>dentibus,</span> <span class='ocrx_word' id='word_1_82' title='bbox 491 919 736 971; x_wconf 90' lang='lat' dir='ltr'>pessimum</span> <span class='ocrx_word' id='word_1_83' title='bbox 766 919 972 960; x_wconf 91' lang='lat' dir='ltr'>solatium</span> <span class='ocrx_word' id='word_1_84' title='bbox 1004 923 1110 962; x_wconf 84' lang='lat' dir='ltr'>erat.</span> <span class='ocrx_word' id='word_1_85' title='bbox 1171 919 1320 974; x_wconf 75' lang='lat' dir='ltr'>Quum</span> <span class='ocrx_word' id='word_1_86' title='bbox 1366 922 1514 959; x_wconf 88' lang='lat' dir='ltr'>autem</span> <span class='ocrx_word' id='word_1_87' title='bbox 1545 919 1601 960; x_wconf 90' lang='lat' dir='ltr'>ab</span> <span class='ocrx_word' id='word_1_88' title='bbox 1632 919 1770 959; x_wconf 89' lang='lat' dir='ltr'>homi·</span> 
     </span>
     <span class='ocr_line' id='line_1_14' title="bbox 226 985 1769 1040; baseline 0.001 -17"><span class='ocrx_word' id='word_1_89' title='bbox 226 997 332 1024; x_wconf 89' lang='lat' dir='ltr'>num</span> <span class='ocrx_word' id='word_1_90' title='bbox 363 986 586 1038; x_wconf 88' lang='lat' dir='ltr'>aequitate</span> <span class='ocrx_word' id='word_1_91' title='bbox 617 989 661 1027; x_wconf 90' lang='lat' dir='ltr'>et</span> <span class='ocrx_word' id='word_1_92' title='bbox 676 986 983 1027; x_wconf 88' lang='lat' dir='ltr'>misericordia</span> <span class='ocrx_word' id='word_1_93' title='bbox 1006 988 1100 1040; x_wconf 86' lang='lat' dir='ltr'>jam</span> <span class='ocrx_word' id='word_1_94' title='bbox 1128 987 1192 1027; x_wconf 91' lang='lat' dir='ltr'>nil</span> <span class='ocrx_word' id='word_1_95' title='bbox 1221 985 1492 1039; x_wconf 88' lang='lat' dir='ltr'>sperandum</span> <span class='ocrx_word' id='word_1_96' title='bbox 1516 997 1615 1026; x_wconf 86' lang='lat' dir='ltr'>esse</span> <span class='ocrx_word' id='word_1_97' title='bbox 1645 985 1769 1026; x_wconf 90' lang='lat' dir='ltr'>intel-</span> 
     </span>
     <span class='ocr_line' id='line_1_15' title="bbox 225 1051 1769 1107; baseline 0.001 -17"><span class='ocrx_word' id='word_1_98' title='bbox 225 1051 425 1105; x_wconf 87' lang='lat' dir='ltr'>ligerent,</span> <span class='ocrx_word' id='word_1_99' title='bbox 470 1053 515 1092; x_wconf 90' lang='lat' dir='ltr'>in</span> <span class='ocrx_word' id='word_1_100' title='bbox 546 1054 643 1094; x_wconf 86' lang='lat' dir='ltr'>Deo</span> <span class='ocrx_word' id='word_1_101' title='bbox 677 1065 856 1094; x_wconf 90' lang='lat' dir='ltr'>omnem</span> <span class='ocrx_word' id='word_1_102' title='bbox 893 1065 1018 1106; x_wconf 88' lang='lat' dir='ltr'>spem</span> <span class='ocrx_word' id='word_1_103' title='bbox 1057 1053 1303 1106; x_wconf 71' lang='lat' dir='ltr'>ponebant,</span> <span class='ocrx_word' id='word_1_104' title='bbox 1348 1064 1494 1105; x_wconf 91' lang='lat' dir='ltr'>quem,</span> <span class='ocrx_word' id='word_1_105' title='bbox 1541 1052 1603 1107; x_wconf 86' lang='lat' dir='ltr'>uti</span> <span class='ocrx_word' id='word_1_106' title='bbox 1633 1063 1682 1092; x_wconf 92' lang='lat' dir='ltr'>se</span> <span class='ocrx_word' id='word_1_107' title='bbox 1713 1052 1769 1092; x_wconf 88' lang='lat' dir='ltr'>ab</span> 
     </span>
     <span class='ocr_line' id='line_1_16' title="bbox 224 1118 1772 1172; baseline 0 -14"><span class='ocrx_word' id='word_1_108' title='bbox 224 1118 417 1159; x_wconf 89' lang='lat' dir='ltr'>hostium</span> <span class='ocrx_word' id='word_1_109' title='bbox 438 1119 782 1161; x_wconf 89' lang='lat' dir='ltr'>inhumanorum</span> <span class='ocrx_word' id='word_1_110' title='bbox 801 1119 1059 1160; x_wconf 88' lang='lat' dir='ltr'>crudelitate</span> <span class='ocrx_word' id='word_1_111' title='bbox 1076 1123 1286 1172; x_wconf 88' lang='lat' dir='ltr'>servaret,</span> <span class='ocrx_word' id='word_1_112' title='bbox 1303 1119 1541 1171; x_wconf 58' lang='lat' dir='ltr'>,supplices</span> <span class='ocrx_word' id='word_1_113' title='bbox 1563 1118 1772 1164; x_wconf 84' lang='lat' dir='ltr'>orabant;</span> 
     </span>
     <span class='ocr_line' id='line_1_17' title="bbox 225 1184 1771 1240; baseline -0.001 -15"><span class='ocrx_word' id='word_1_114' title='bbox 225 1184 350 1238; x_wconf 88' lang='lat' dir='ltr'>„ipse</span> <span class='ocrx_word' id='word_1_115' title='bbox 379 1186 501 1238; x_wconf 86' lang='lat' dir='ltr'>rex,“</span> <span class='ocrx_word' id='word_1_116' title='bbox 532 1189 580 1226; x_wconf 91' lang='lat' dir='ltr'>ut</span> <span class='ocrx_word' id='word_1_117' title='bbox 608 1186 669 1226; x_wconf 89' lang='lat' dir='ltr'>ait</span> <span class='ocrx_word' id='word_1_118' title='bbox 689 1186 935 1237; x_wconf 84' lang='lat' dir='ltr'>Salvianus,</span> <span class='ocrx_word' id='word_1_119' title='bbox 967 1199 1136 1240; x_wconf 91' lang='lat' dir='ltr'>„usque</span> <span class='ocrx_word' id='word_1_120' title='bbox 1166 1186 1224 1227; x_wconf 88' lang='lat' dir='ltr'>ad</span> <span class='ocrx_word' id='word_1_121' title='bbox 1253 1185 1370 1226; x_wconf 90' lang='lat' dir='ltr'>diem</span> <span class='ocrx_word' id='word_1_122' title='bbox 1402 1196 1580 1238; x_wconf 86' lang='lat' dir='ltr'>pugnae</span> <span class='ocrx_word' id='word_1_123' title='bbox 1610 1188 1771 1225; x_wconf 84' lang='lat' dir='ltr'>stratus</span> 
     </span>
     <span class='ocr_line' id='line_1_18' title="bbox 225 1250 1770 1306; baseline 0 -14"><span class='ocrx_word' id='word_1_124' title='bbox 225 1263 382 1305; x_wconf 88' lang='lat' dir='ltr'>preces</span> <span class='ocrx_word' id='word_1_125' title='bbox 413 1251 536 1305; x_wconf 90' lang='lat' dir='ltr'>fudit,</span> <span class='ocrx_word' id='word_1_126' title='bbox 585 1255 687 1293; x_wconf 84' lang='lat' dir='ltr'>ante</span> <span class='ocrx_word' id='word_1_127' title='bbox 721 1253 882 1294; x_wconf 89' lang='lat' dir='ltr'>bellum</span> <span class='ocrx_word' id='word_1_128' title='bbox 920 1254 966 1294; x_wconf 92' lang='lat' dir='ltr'>in</span> <span class='ocrx_word' id='word_1_129' title='bbox 998 1253 1200 1295; x_wconf 83' lang='lat' dir='ltr'>oratione</span> <span class='ocrx_word' id='word_1_130' title='bbox 1232 1252 1383 1306; x_wconf 75' lang='lat' dir='ltr'>Jacuit,</span> <span class='ocrx_word' id='word_1_131' title='bbox 1429 1251 1486 1291; x_wconf 83' lang='lat' dir='ltr'>ad</span> <span class='ocrx_word' id='word_1_132' title='bbox 1515 1251 1683 1292; x_wconf 88' lang='lat' dir='ltr'>bellum</span> <span class='ocrx_word' id='word_1_133' title='bbox 1713 1250 1770 1292; x_wconf 94' lang='lat' dir='ltr'>de</span> 
     </span>
     <span class='ocr_line' id='line_1_19' title="bbox 226 1319 1766 1372; baseline 0 -14"><span class='ocrx_word' id='word_1_134' title='bbox 226 1319 429 1359; x_wconf 87' lang='lat' dir='ltr'>oratione</span> <span class='ocrx_word' id='word_1_135' title='bbox 459 1320 690 1360; x_wconf 85' lang='lat' dir='ltr'>surrexit.“</span> <span class='ocrx_word' id='word_1_136' title='bbox 748 1321 865 1360; x_wconf 91' lang='lat' dir='ltr'>Dum</span> <span class='ocrx_word' id='word_1_137' title='bbox 898 1320 1030 1361; x_wconf 88' lang='lat' dir='ltr'>Gothi</span> <span class='ocrx_word' id='word_1_138' title='bbox 1060 1320 1136 1360; x_wconf 84' lang='lat' dir='ltr'>tali</span> <span class='ocrx_word' id='word_1_139' title='bbox 1165 1319 1300 1360; x_wconf 91' lang='lat' dir='ltr'>modo</span> <span class='ocrx_word' id='word_1_140' title='bbox 1332 1319 1536 1372; x_wconf 87' lang='lat' dir='ltr'>probant,</span> <span class='ocrx_word' id='word_1_141' title='bbox 1576 1330 1626 1359; x_wconf 89' lang='lat' dir='ltr'>se</span> <span class='ocrx_word' id='word_1_142' title='bbox 1656 1319 1766 1358; x_wconf 88' lang='lat' dir='ltr'>chri-</span> 
     </span>
     <span class='ocr_line' id='line_1_20' title="bbox 225 1384 1768 1439; baseline 0 -14"><span class='ocrx_word' id='word_1_143' title='bbox 225 1386 396 1425; x_wconf 85' lang='lat' dir='ltr'>stianae</span> <span class='ocrx_word' id='word_1_144' title='bbox 424 1385 652 1439; x_wconf 84' lang='lat' dir='ltr'>religionis</span> <span class='ocrx_word' id='word_1_145' title='bbox 695 1390 937 1439; x_wconf 85' lang='lat' dir='ltr'>praecepta</span> <span class='ocrx_word' id='word_1_146' title='bbox 973 1386 1177 1427; x_wconf 90' lang='lat' dir='ltr'>modesto</span> <span class='ocrx_word' id='word_1_147' title='bbox 1210 1386 1358 1427; x_wconf 91' lang='lat' dir='ltr'>animo</span> <span class='ocrx_word' id='word_1_148' title='bbox 1391 1385 1635 1438; x_wconf 83' lang='lat' dir='ltr'>accepisse,</span> <span class='ocrx_word' id='word_1_149' title='bbox 1680 1384 1768 1425; x_wconf 86' lang='lat' dir='ltr'>Ro-</span> 
     </span>
     <span class='ocr_line' id='line_1_21' title="bbox 224 1451 1364 1506; baseline 0.001 -15"><span class='ocrx_word' id='word_1_150' title='bbox 224 1464 358 1491; x_wconf 84' lang='lat' dir='ltr'>mana</span> <span class='ocrx_word' id='word_1_151' title='bbox 387 1455 532 1492; x_wconf 88' lang='lat' dir='ltr'>castra</span> <span class='ocrx_word' id='word_1_152' title='bbox 562 1451 783 1493; x_wconf 90' lang='lat' dir='ltr'>diversum</span> <span class='ocrx_word' id='word_1_153' title='bbox 816 1456 1105 1506; x_wconf 87' lang='lat' dir='ltr'>conspectum</span> <span class='ocrx_word' id='word_1_154' title='bbox 1136 1452 1364 1505; x_wconf 86' lang='lat' dir='ltr'>praebent.</span> 
     </span>
    </p>
   </div>
   <div class='ocr_carea' id='block_1_5' title="bbox 222 1528 1768 1984">
    <p class='ocr_par' dir='ltr' id='par_1_5' title="bbox 222 1528 1768 1984">
     <span class='ocr_line' id='line_1_22' title="bbox 306 1528 1766 1584; baseline -0.001 -15"><span class='ocrx_word' id='word_1_155' title='bbox 306 1530 495 1570; x_wconf 89' lang='lat' dir='ltr'>Litorius</span> <span class='ocrx_word' id='word_1_156' title='bbox 524 1530 622 1582; x_wconf 92' lang='lat' dir='ltr'>ipse</span> <span class='ocrx_word' id='word_1_157' title='bbox 658 1531 705 1570; x_wconf 91' lang='lat' dir='ltr'>in</span> <span class='ocrx_word' id='word_1_158' title='bbox 735 1542 1013 1584; x_wconf 89' lang='lat' dir='ltr'>paganorum</span> <span class='ocrx_word' id='word_1_159' title='bbox 1042 1529 1237 1571; x_wconf 89' lang='lat' dir='ltr'>tenebris</span> <span class='ocrx_word' id='word_1_160' title='bbox 1268 1530 1456 1582; x_wconf 87' lang='lat' dir='ltr'>errabat,</span> <span class='ocrx_word' id='word_1_161' title='bbox 1497 1528 1766 1570; x_wconf 88' lang='lat' dir='ltr'>Christiano-</span> 
     </span>
     <span class='ocr_line' id='line_1_23' title="bbox 222 1595 1766 1650; baseline -0.001 -14"><span class='ocrx_word' id='word_1_162' title='bbox 222 1609 321 1636; x_wconf 89' lang='lat' dir='ltr'>rum</span> <span class='ocrx_word' id='word_1_163' title='bbox 365 1596 463 1649; x_wconf 91' lang='lat' dir='ltr'>pios</span> <span class='ocrx_word' id='word_1_164' title='bbox 510 1608 657 1637; x_wconf 88' lang='lat' dir='ltr'>mores</span> <span class='ocrx_word' id='word_1_165' title='bbox 688 1600 992 1650; x_wconf 89' lang='lat' dir='ltr'>contemnens,</span> <span class='ocrx_word' id='word_1_166' title='bbox 1036 1600 1237 1637; x_wconf 88' lang='lat' dir='ltr'>veterum</span> <span class='ocrx_word' id='word_1_167' title='bbox 1265 1596 1577 1637; x_wconf 85' lang='lat' dir='ltr'>Romanorum</span> <span class='ocrx_word' id='word_1_168' title='bbox 1619 1595 1766 1648; x_wconf 91' lang='lat' dir='ltr'>potius</span> 
     </span>
     <span class='ocr_line' id='line_1_24' title="bbox 223 1663 1768 1717; baseline -0.001 -13"><span class='ocrx_word' id='word_1_169' title='bbox 223 1676 350 1705; x_wconf 92' lang='lat' dir='ltr'>more</span> <span class='ocrx_word' id='word_1_170' title='bbox 379 1663 663 1716; x_wconf 88' lang='lat' dir='ltr'>haruspicum</span> <span class='ocrx_word' id='word_1_171' title='bbox 692 1665 921 1717; x_wconf 89' lang='lat' dir='ltr'>responsis</span> <span class='ocrx_word' id='word_1_172' title='bbox 950 1665 1143 1705; x_wconf 92' lang='lat' dir='ltr'>intentus</span> <span class='ocrx_word' id='word_1_173' title='bbox 1175 1663 1362 1716; x_wconf 88' lang='lat' dir='ltr'>aliisque</span> <span class='ocrx_word' id='word_1_174' title='bbox 1393 1674 1669 1716; x_wconf 86' lang='lat' dir='ltr'>paganorum</span> <span class='ocrx_word' id='word_1_175' title='bbox 1701 1674 1768 1702; x_wconf 90' lang='lat' dir='ltr'>ar-</span> 
     </span>
     <span class='ocr_line' id='line_1_25' title="bbox 224 1729 1766 1784; baseline -0.001 -15"><span class='ocrx_word' id='word_1_176' title='bbox 224 1730 338 1770; x_wconf 88' lang='lat' dir='ltr'>tibus</span> <span class='ocrx_word' id='word_1_177' title='bbox 381 1730 565 1783; x_wconf 88' lang='lat' dir='ltr'>magicis</span> <span class='ocrx_word' id='word_1_178' title='bbox 610 1730 729 1770; x_wconf 90' lang='lat' dir='ltr'>fisus.</span> <span class='ocrx_word' id='word_1_179' title='bbox 788 1731 1030 1784; x_wconf 86' lang='lat' dir='ltr'>Postquam</span> <span class='ocrx_word' id='word_1_180' title='bbox 1074 1729 1357 1783; x_wconf 85' lang='lat' dir='ltr'>haruspicum</span> <span class='ocrx_word' id='word_1_181' title='bbox 1404 1732 1449 1769; x_wconf 92' lang='lat' dir='ltr'>et</span> <span class='ocrx_word' id='word_1_182' title='bbox 1490 1729 1766 1782; x_wconf 81' lang='lat' dir='ltr'>magicorum</span> 
     </span>
     <span class='ocr_line' id='line_1_26' title="bbox 223 1795 1767 1851; baseline -0.001 -13"><span class='ocrx_word' id='word_1_183' title='bbox 223 1797 451 1851; x_wconf 89' lang='lat' dir='ltr'>responsis</span> <span class='ocrx_word' id='word_1_184' title='bbox 481 1800 710 1851; x_wconf 90' lang='lat' dir='ltr'>permotus</span> <span class='ocrx_word' id='word_1_185' title='bbox 741 1797 938 1851; x_wconf 86' lang='lat' dir='ltr'>credidit,</span> <span class='ocrx_word' id='word_1_186' title='bbox 970 1810 1069 1838; x_wconf 89' lang='lat' dir='ltr'>eam</span> <span class='ocrx_word' id='word_1_187' title='bbox 1101 1809 1201 1838; x_wconf 89' lang='lat' dir='ltr'>esse</span> <span class='ocrx_word' id='word_1_188' title='bbox 1232 1796 1419 1838; x_wconf 91' lang='lat' dir='ltr'>deorum</span> <span class='ocrx_word' id='word_1_189' title='bbox 1448 1795 1767 1837; x_wconf 88' lang='lat' dir='ltr'>immortalium</span> 
     </span>
     <span class='ocr_line' id='line_1_27' title="bbox 224 1861 1767 1917; baseline -0.002 -12"><span class='ocrx_word' id='word_1_190' title='bbox 224 1876 281 1905; x_wconf 84' lang='lat' dir='ltr'>ex</span> <span class='ocrx_word' id='word_1_191' title='bbox 310 1865 400 1906; x_wconf 87' lang='lat' dir='ltr'>fato</span> <span class='ocrx_word' id='word_1_192' title='bbox 431 1865 718 1917; x_wconf 88' lang='lat' dir='ltr'>voluntatem,</span> <span class='ocrx_word' id='word_1_193' title='bbox 751 1868 797 1904; x_wconf 90' lang='lat' dir='ltr'>ut</span> <span class='ocrx_word' id='word_1_194' title='bbox 828 1864 1072 1905; x_wconf 88' lang='lat' dir='ltr'>Gothorum</span> <span class='ocrx_word' id='word_1_195' title='bbox 1106 1875 1214 1917; x_wconf 90' lang='lat' dir='ltr'>opes</span> <span class='ocrx_word' id='word_1_196' title='bbox 1246 1862 1427 1917; x_wconf 92' lang='lat' dir='ltr'>deleret,</span> <span class='ocrx_word' id='word_1_197' title='bbox 1467 1861 1522 1902; x_wconf 89' lang='lat' dir='ltr'>ad</span> <span class='ocrx_word' id='word_1_198' title='bbox 1553 1862 1767 1915; x_wconf 88' lang='lat' dir='ltr'>impetum</span> 
     </span>
     <span class='ocr_line' id='line_1_28' title="bbox 224 1930 516 1984; baseline 0.003 -13"><span class='ocrx_word' id='word_1_199' title='bbox 224 1931 398 1984; x_wconf 91' lang='lat' dir='ltr'>signum</span> <span class='ocrx_word' id='word_1_200' title='bbox 430 1930 516 1972; x_wconf 87' lang='lat' dir='ltr'>dat.</span> 
     </span>
    </p>
   </div>
   <div class='ocr_carea' id='block_1_6' title="bbox 222 2007 1765 2395">
    <p class='ocr_par' dir='ltr' id='par_1_6' title="bbox 222 2007 1765 2395">
     <span class='ocr_line' id='line_1_29' title="bbox 335 2007 1765 2063; baseline -0.003 -13"><span class='ocrx_word' id='word_1_201' title='bbox 335 2010 393 2050; x_wconf 93' lang='lat' dir='ltr'>At</span> <span class='ocrx_word' id='word_1_202' title='bbox 424 2010 557 2051; x_wconf 90' lang='lat' dir='ltr'>Gothi</span> <span class='ocrx_word' id='word_1_203' title='bbox 586 2022 823 2051; x_wconf 87' lang='lat' dir='ltr'>saevorum</span> <span class='ocrx_word' id='word_1_204' title='bbox 852 2010 1113 2051; x_wconf 84' lang='lat' dir='ltr'>Hunnorum</span> <span class='ocrx_word' id='word_1_205' title='bbox 1158 2009 1354 2063; x_wconf 89' lang='lat' dir='ltr'>equitum</span> <span class='ocrx_word' id='word_1_206' title='bbox 1384 2008 1598 2061; x_wconf 89' lang='lat' dir='ltr'>impetum</span> <span class='ocrx_word' id='word_1_207' title='bbox 1629 2007 1765 2047; x_wconf 87' lang='lat' dir='ltr'>maxi-</span> 
     </span>
     <span class='ocr_line' id='line_1_30' title="bbox 222 2074 1765 2130; baseline -0.003 -13"><span class='ocrx_word' id='word_1_208' title='bbox 222 2088 297 2116; x_wconf 86' lang='lat' dir='ltr'>ma</span> <span class='ocrx_word' id='word_1_209' title='bbox 326 2077 484 2117; x_wconf 88' lang='lat' dir='ltr'>virtute</span> <span class='ocrx_word' id='word_1_210' title='bbox 514 2078 749 2129; x_wconf 74' lang='lat' dir='ltr'>sustinent,</span> <span class='ocrx_word' id='word_1_211' title='bbox 788 2077 1052 2130; x_wconf 90' lang='lat' dir='ltr'>perturbatis</span> <span class='ocrx_word' id='word_1_212' title='bbox 1085 2077 1217 2117; x_wconf 87' lang='lat' dir='ltr'>etiam</span> <span class='ocrx_word' id='word_1_213' title='bbox 1250 2075 1477 2117; x_wconf 90' lang='lat' dir='ltr'>ordinibus</span> <span class='ocrx_word' id='word_1_214' title='bbox 1519 2086 1597 2115; x_wconf 90' lang='lat' dir='ltr'>eos</span> <span class='ocrx_word' id='word_1_215' title='bbox 1627 2074 1672 2113; x_wconf 93' lang='lat' dir='ltr'>in</span> <span class='ocrx_word' id='word_1_216' title='bbox 1704 2074 1765 2113; x_wconf 87' lang='lat' dir='ltr'>fu-</span> 
     </span>
     <span class='ocr_line' id='line_1_31' title="bbox 223 2139 1764 2197; baseline -0.002 -15"><span class='ocrx_word' id='word_1_217' title='bbox 223 2154 324 2195; x_wconf 89' lang='lat' dir='ltr'>gam</span> <span class='ocrx_word' id='word_1_218' title='bbox 355 2146 543 2196; x_wconf 89' lang='lat' dir='ltr'>vertunt,</span> <span class='ocrx_word' id='word_1_219' title='bbox 582 2155 794 2197; x_wconf 87' lang='lat' dir='ltr'>magnum</span> <span class='ocrx_word' id='word_1_220' title='bbox 824 2155 1059 2183; x_wconf 90' lang='lat' dir='ltr'>numerum</span> <span class='ocrx_word' id='word_1_221' title='bbox 1091 2142 1295 2194; x_wconf 87' lang='lat' dir='ltr'>caedunt,</span> <span class='ocrx_word' id='word_1_222' title='bbox 1333 2142 1480 2194; x_wconf 91' lang='lat' dir='ltr'>ipsum</span> <span class='ocrx_word' id='word_1_223' title='bbox 1511 2139 1669 2180; x_wconf 91' lang='lat' dir='ltr'>ducem</span> <span class='ocrx_word' id='word_1_224' title='bbox 1699 2140 1764 2179; x_wconf 92' lang='lat' dir='ltr'>Li-</span> 
     </span>
     <span class='ocr_line' id='line_1_32' title="bbox 222 2206 1765 2263; baseline -0.003 -14"><span class='ocrx_word' id='word_1_225' title='bbox 222 2210 383 2250; x_wconf 88' lang='lat' dir='ltr'>torium</span> <span class='ocrx_word' id='word_1_226' title='bbox 435 2209 818 2251; x_wconf 89' lang='lat' dir='ltr'>inconsideranter</span> <span class='ocrx_word' id='word_1_227' title='bbox 861 2210 1153 2263; x_wconf 81' lang='lat' dir='ltr'>proeliantem</span> <span class='ocrx_word' id='word_1_228' title='bbox 1207 2209 1397 2262; x_wconf 86' lang='lat' dir='ltr'>capiunt.</span> <span class='ocrx_word' id='word_1_229' title='bbox 1471 2206 1524 2247; x_wconf 92' lang='lat' dir='ltr'>Id</span> <span class='ocrx_word' id='word_1_230' title='bbox 1575 2218 1765 2259; x_wconf 87' lang='lat' dir='ltr'>magnae</span> 
     </span>
     <span class='ocr_line' id='line_1_33' title="bbox 222 2273 1765 2328; baseline -0.002 -14"><span class='ocrx_word' id='word_1_231' title='bbox 222 2275 360 2315; x_wconf 90' lang='lat' dir='ltr'>cladis</span> <span class='ocrx_word' id='word_1_232' title='bbox 390 2276 624 2316; x_wconf 84' lang='lat' dir='ltr'>Romanae</span> <span class='ocrx_word' id='word_1_233' title='bbox 652 2276 823 2315; x_wconf 86' lang='lat' dir='ltr'>initium</span> <span class='ocrx_word' id='word_1_234' title='bbox 854 2276 945 2328; x_wconf 83' lang='lat' dir='ltr'>fuit,</span> <span class='ocrx_word' id='word_1_235' title='bbox 976 2277 1115 2316; x_wconf 90' lang='lat' dir='ltr'>Marte</span> <span class='ocrx_word' id='word_1_236' title='bbox 1147 2276 1393 2316; x_wconf 87' lang='lat' dir='ltr'>Gothorum</span> <span class='ocrx_word' id='word_1_237' title='bbox 1425 2273 1559 2313; x_wconf 88' lang='lat' dir='ltr'>armis</span> <span class='ocrx_word' id='word_1_238' title='bbox 1589 2273 1765 2312; x_wconf 86' lang='lat' dir='ltr'>favente</span> 
     </span>
     <span class='ocr_line' id='line_1_34' title="bbox 222 2341 1351 2395; baseline -0.001 -13"><span class='ocrx_word' id='word_1_239' title='bbox 222 2354 369 2395; x_wconf 90' lang='lat' dir='ltr'>neque</span> <span class='ocrx_word' id='word_1_240' title='bbox 400 2341 737 2395; x_wconf 89' lang='lat' dir='ltr'>desperatorum</span> <span class='ocrx_word' id='word_1_241' title='bbox 768 2343 961 2383; x_wconf 90' lang='lat' dir='ltr'>animum</span> <span class='ocrx_word' id='word_1_242' title='bbox 995 2342 1115 2383; x_wconf 92' lang='lat' dir='ltr'>eludi</span> <span class='ocrx_word' id='word_1_243' title='bbox 1144 2342 1351 2395; x_wconf 88' lang='lat' dir='ltr'>patiente.</span> 
     </span>
    </p>
   </div>
   <div class='ocr_carea' id='block_1_7' title="bbox 220 2417 1765 2804">
    <p class='ocr_par' dir='ltr' id='par_1_7' title="bbox 220 2417 1765 2804">
     <span class='ocr_line' id='line_1_35' title="bbox 305 2417 1765 2474; baseline -0.003 -14"><span class='ocrx_word' id='word_1_244' title='bbox 305 2420 507 2461; x_wconf 87' lang='lat' dir='ltr'>Victores</span> <span class='ocrx_word' id='word_1_245' title='bbox 531 2420 663 2462; x_wconf 89' lang='lat' dir='ltr'>Gothi</span> <span class='ocrx_word' id='word_1_246' title='bbox 693 2420 962 2474; x_wconf 83' lang='lat' dir='ltr'>gratulantes</span> <span class='ocrx_word' id='word_1_247' title='bbox 994 2423 1268 2473; x_wconf 87' lang='lat' dir='ltr'>ovantesque</span> <span class='ocrx_word' id='word_1_248' title='bbox 1298 2418 1462 2460; x_wconf 75' lang='lat' dir='ltr'>urbem.</span> <span class='ocrx_word' id='word_1_249' title='bbox 1483 2418 1659 2470; x_wconf 87' lang='lat' dir='ltr'>intrant,</span> <span class='ocrx_word' id='word_1_250' title='bbox 1690 2417 1765 2457; x_wconf 92' lang='lat' dir='ltr'>ho-</span> 
     </span>
     <span class='ocr_line' id='line_1_36' title="bbox 222 2484 1763 2540; baseline -0.003 -14"><span class='ocrx_word' id='word_1_251' title='bbox 222 2487 352 2527; x_wconf 90' lang='lat' dir='ltr'>stium</span> <span class='ocrx_word' id='word_1_252' title='bbox 380 2485 539 2527; x_wconf 87' lang='lat' dir='ltr'>ducem</span> <span class='ocrx_word' id='word_1_253' title='bbox 571 2487 793 2540; x_wconf 86' lang='lat' dir='ltr'>captivum</span> <span class='ocrx_word' id='word_1_254' title='bbox 824 2487 869 2527; x_wconf 93' lang='lat' dir='ltr'>in</span> <span class='ocrx_word' id='word_1_255' title='bbox 900 2487 1121 2540; x_wconf 88' lang='lat' dir='ltr'>triumpho</span> <span class='ocrx_word' id='word_1_256' title='bbox 1154 2486 1379 2527; x_wconf 81' lang='lat' dir='ltr'>ducentes,</span> <span class='ocrx_word' id='word_1_257' title='bbox 1440 2485 1523 2533; x_wconf 79' lang='lat' dir='ltr'>Qui</span> <span class='ocrx_word' id='word_1_258' title='bbox 1553 2484 1763 2525; x_wconf 89' lang='lat' dir='ltr'>victoriae</span> 
     </span>
     <span class='ocr_line' id='line_1_37' title="bbox 222 2551 1764 2607; baseline -0.002 -15"><span class='ocrx_word' id='word_1_259' title='bbox 222 2564 325 2593; x_wconf 88' lang='lat' dir='ltr'>non</span> <span class='ocrx_word' id='word_1_260' title='bbox 357 2552 519 2595; x_wconf 88' lang='lat' dir='ltr'>dubiae</span> <span class='ocrx_word' id='word_1_261' title='bbox 563 2565 644 2607; x_wconf 90' lang='lat' dir='ltr'>spe</span> <span class='ocrx_word' id='word_1_262' title='bbox 689 2553 828 2594; x_wconf 87' lang='lat' dir='ltr'>elatus</span> <span class='ocrx_word' id='word_1_263' title='bbox 867 2553 1120 2607; x_wconf 90' lang='lat' dir='ltr'>pactionem</span> <span class='ocrx_word' id='word_1_264' title='bbox 1163 2555 1460 2605; x_wconf 85' lang='lat' dir='ltr'>recusaverat,</span> <span class='ocrx_word' id='word_1_265' title='bbox 1503 2551 1622 2592; x_wconf 90' lang='lat' dir='ltr'>idem</span> <span class='ocrx_word' id='word_1_266' title='bbox 1658 2555 1764 2602; x_wconf 83' lang='lat' dir='ltr'>tum,</span> 
     </span>
     <span class='ocr_line' id='line_1_38' title="bbox 220 2618 1761 2673; baseline -0.002 -15"><span class='ocrx_word' id='word_1_267' title='bbox 220 2619 411 2658; x_wconf 88' lang='lat' dir='ltr'>brachiis</span> <span class='ocrx_word' id='word_1_268' title='bbox 440 2620 486 2659; x_wconf 90' lang='lat' dir='ltr'>in</span> <span class='ocrx_word' id='word_1_269' title='bbox 518 2623 643 2673; x_wconf 89' lang='lat' dir='ltr'>tergo</span> <span class='ocrx_word' id='word_1_270' title='bbox 667 2621 869 2673; x_wconf 86' lang='lat' dir='ltr'>alligatis,</span> <span class='ocrx_word' id='word_1_271' title='bbox 900 2621 1105 2660; x_wconf 86' lang='lat' dir='ltr'>manibus</span> <span class='ocrx_word' id='word_1_272' title='bbox 1135 2620 1382 2661; x_wconf 91' lang='lat' dir='ltr'>constrictis</span> <span class='ocrx_word' id='word_1_273' title='bbox 1413 2619 1459 2658; x_wconf 91' lang='lat' dir='ltr'>in</span> <span class='ocrx_word' id='word_1_274' title='bbox 1491 2630 1589 2658; x_wconf 87' lang='lat' dir='ltr'>eam</span> <span class='ocrx_word' id='word_1_275' title='bbox 1619 2618 1761 2669; x_wconf 87' lang='lat' dir='ltr'>ipsam</span> 
     </span>
     <span class='ocr_line' id='line_1_39' title="bbox 221 2684 1763 2740; baseline -0.001 -16"><span class='ocrx_word' id='word_1_276' title='bbox 221 2684 378 2725; x_wconf 89' lang='lat' dir='ltr'>urbem</span> <span class='ocrx_word' id='word_1_277' title='bbox 407 2685 547 2726; x_wconf 88' lang='lat' dir='ltr'>victus</span> <span class='ocrx_word' id='word_1_278' title='bbox 565 2686 750 2740; x_wconf 89' lang='lat' dir='ltr'>ducitur,</span> <span class='ocrx_word' id='word_1_279' title='bbox 781 2698 913 2740; x_wconf 92' lang='lat' dir='ltr'>quam</span> <span class='ocrx_word' id='word_1_280' title='bbox 930 2687 1243 2740; x_wconf 86' lang='lat' dir='ltr'>imperatorem</span> <span class='ocrx_word' id='word_1_281' title='bbox 1262 2698 1311 2727; x_wconf 88' lang='lat' dir='ltr'>se</span> <span class='ocrx_word' id='word_1_282' title='bbox 1340 2686 1641 2739; x_wconf 87' lang='lat' dir='ltr'>ingressurum</span> <span class='ocrx_word' id='word_1_283' title='bbox 1665 2694 1763 2724; x_wconf 90' lang='lat' dir='ltr'>esse</span> 
     </span>
     <span class='ocr_line' id='line_1_40' title="bbox 221 2752 618 2804; baseline 0.013 -14"><span class='ocrx_word' id='word_1_284' title='bbox 221 2763 336 2792; x_wconf 84' lang='lat' dir='ltr'>vane</span> <span class='ocrx_word' id='word_1_285' title='bbox 359 2752 618 2804; x_wconf 85' lang='lat' dir='ltr'>jactaverat.</span> 
     </span>
    </p>
   </div>
   <div class='ocr_carea' id='block_1_8' title="bbox 305 2826 1763 2886">
    <p class='ocr_par' dir='ltr' id='par_1_8' title="bbox 305 2826 1763 2886">
     <span class='ocr_line' id='line_1_41' title="bbox 305 2826 1763 2886; baseline -0.002 -17"><span class='ocrx_word' id='word_1_286' title='bbox 305 2829 501 2871; x_wconf 89' lang='lat' dir='ltr'>Feminis</span> <span class='ocrx_word' id='word_1_287' title='bbox 533 2834 577 2871; x_wconf 88' lang='lat' dir='ltr'>et</span> <span class='ocrx_word' id='word_1_288' title='bbox 618 2832 770 2873; x_wconf 89' lang='lat' dir='ltr'>liberis</span> <span class='ocrx_word' id='word_1_289' title='bbox 809 2832 1064 2886; x_wconf 83' lang='lat' dir='ltr'>spectaculo</span> <span class='ocrx_word' id='word_1_290' title='bbox 1107 2834 1212 2884; x_wconf 85' lang='lat' dir='ltr'>erat,</span> <span class='ocrx_word' id='word_1_291' title='bbox 1258 2841 1482 2883; x_wconf 87' lang='lat' dir='ltr'>sexusque</span> <span class='ocrx_word' id='word_1_292' title='bbox 1524 2826 1763 2882; x_wconf 90' lang='lat' dir='ltr'>promiscui</span> 
     </span>
    </p>
   </div>
  </div>
 </body>
</html>
