1924 3148
906 142 955 183 15

159 272 414 322 ductoribus
429 279 646 320 Romanis
677 290 733 320 ex
763 279 1021 332 syngrapha
1050 276 1132 320 vel‘
1151 291 1177 320 e
1195 279 1360 332 placito
1393 281 1578 321 canonis
1609 281 1705 334 agri

158 346 525 400 relinquebantur
555 344 744 387 colendi.
758 345 785 394 ¹)

252 436 429 489 Reliqui
461 436 594 477 Gothi
630 436 808 476 militari
838 435 973 478 modo
1014 436 1232 478 distributi
1260 438 1305 477 in
1336 437 1629 491 Thiufathias,
1662 441 1706 479 et

158 508 369 545 centenas
414 507 458 545 et
497 503 707 545 decanias
745 504 792 544 in
829 505 1037 557 regiones
1069 504 1322 558 designatas
1361 506 1548 557 profecti
1590 510 1704 557 sunt,

157 571 234 612 ubi
256 574 395 612 terras
429 570 675 619 secundum
704 571 923 613 honorem
955 575 998 612 et
1027 571 1284 626 dignitatem
1314 572 1429 613 inter
1458 583 1507 612 se
1538 571 1703 613 divide-

158 639 276 691 bant,
313 639 376 679 ita
412 643 460 679 ut
489 638 674 678 ducibus
712 642 756 678 et
785 639 953 678 civibus
985 639 1152 691 optimo
1178 640 1279 690 jure
1308 640 1481 690 maj0ra
1518 639 1704 691 praedia

158 704 400 756 evenirent,
429 704 674 746 minoribus
706 707 749 746 et
778 704 992 746 libertinis
1023 704 1155 759 agelli
1186 708 1229 746 et
1259 704 1520 747 colonorum
1552 705 1702 759 exigui

158 774 252 827 agri
279 773 623 826 assignarentur.
682 772 753 813 Ad
793 772 1021 814 dominum
1049 773 1182 826 igitur
1217 774 1472 815 Romanum
1502 772 1703 826 designa-

158 843 248 880 tum
277 840 478 894 singulae
509 840 757 882 Gothorum
785 840 980 882 familiae
1008 840 1267 896 pergebant,
1299 840 1537 895 hospitium
1569 852 1702 894 quae-

156 911 304 948 rentes
335 912 379 949 et
407 911 583 948 tectum.

240 998 309 1038 De
339 997 641 1039 aedificiorum
673 997 903 1051 divisione,
942 1010 1057 1051 quae
1087 998 1343 1039 necessaria
1373 1010 1473 1039 esse
1506 997 1702 1039 debebat

158 1064 282 1117 leges
308 1064 659 1118 Wisigothorum
687 1064 751 1104 nil
779 1063 1066 1117 tradiderunt,
1097 1063 1176 1105 sed
1193 1076 1248 1104 ea
1268 1067 1434 1105 tantum
1467 1063 1524 1111 de
1554 1077 1701 1114 causa,

157 1130 361 1183 conjicio,
392 1130 512 1183 quod
531 1142 686 1171 eorum
708 1130 947 1172 divisiones
969 1143 1075 1172 mox
1091 1134 1233 1171 certas
1256 1142 1355 1171 esse
1386 1143 1571 1172 necesse
1593 1136 1700 1184 erat,

156 1209 303 1251 neque
319 1198 639 1251 posterioribus
667 1198 994 1252 legislatoribus
1013 1199 1345 1239 controversiae
1366 1198 1422 1238 de
1439 1210 1494 1239 ea
1513 1210 1562 1238 re
1583 1210 1700 1239 com-

156 1264 395 1318 ponendae
434 1267 571 1308 erant.
607 1264 993 1319 ·Burgundionum
1032 1265 1168 1318 legeS,
1209 1276 1325 1317 quae
1355 1269 1558 1318 tempore
1596 1277 1701 1306 con-

159 1332 350 1385 scriptae
371 1334 483 1384 sunt,
516 1331 636 1384 quod
660 1344 687 1371 a
707 1335 909 1385 tempore
930 1331 1158 1373 divisionis
1175 1332 1321 1372 minus
1352 1335 1570 1373 remotum
1594 1336 1700 1386 erat,

231 1534 254 1569 ¹)
281 1534 365 1577 Leg.
390 1533 514 1577 Wisig.
541 1533 583 1566 X.
610 1537 633 1565 t.
660 1534 684 1565 I:
711 1533 732 1565 l.
758 1533 790 1567 9.
818 1533 870 1567 13.

225 1591 429 1635 Reputanti,
465 1589 604 1623 Gothos
633 1591 711 1633 Jam
736 1589 820 1622 inde
845 1590 890 1623 ab
928 1600 1024 1623 anno
1048 1588 1116 1623 376
1141 1589 1437 1623 consuetudinem
1463 1590 1542 1634 agri
1558 1590 1702 1623 colendi

157 1646 378 1690 deposuisse,
408 1646 601 1679 verisimile
632 1645 747 1679 videri
771 1647 894 1689 possit,
934 1656 996 1679 eos
1020 1646 1129 1679 firmis
1155 1646 1262 1678 etiam
1293 1645 1450 1688 sedibus,
1482 1647 1701 1689 agricultura

156 1703 333 1747 neglecta,
357 1712 464 1746 agros
488 1702 668 1735 veteribus
692 1703 819 1735 incolis
844 1702 889 1735 ad
914 1702 1085 1745 placitum
1110 1702 1257 1735 canonis
1287 1701 1441 1745 dedisse,
1476 1704 1573 1745 ipsos
1597 1703 1696 1736 labo-

155 1760 203 1791 ris
228 1760 405 1802 fugientes
444 1758 625 1792 venationi
662 1757 803 1792 deditos
834 1759 943 1791 fuisse
975 1762 1011 1791 et
1034 1758 1218 1794 conviviis.
1265 1756 1331 1790 Cui
1367 1759 1527 1801 opinioni
1553 1759 1699 1791 minime

156 1816 323 1856 assentio,
348 1814 411 1847 sed
438 1824 518 1847 eam
535 1814 759 1847 refutandam
788 1815 966 1858 existimo,
992 1825 1036 1848 ea
1059 1815 1210 1854 ratione,
1238 1814 1336 1858 quod
1360 1818 1460 1847 tanta
1476 1814 1697 1848 advenarum

155 1871 344 1904 multitudo
368 1872 405 1904 in
429 1871 591 1914 regione,
625 1881 717 1913 quae
742 1871 838 1903 fame
864 1874 899 1903 et
924 1871 1022 1904 bello
1048 1870 1192 1903 deserta
1225 1870 1430 1903 hominibus
1455 1871 1612 1913 carebat,
1638 1871 1697 1911 (cf.

155 1927 344 1970 epistolam
369 1926 580 1969 Hieronymi
610 1926 655 1959 ad
680 1926 923 1971 Ageruchiam
955 1928 991 1959 in
1016 1927 1229 1969 Hieronymi
1263 1926 1433 1969 operibus
1466 1925 1569 1959 editis
1593 1925 1699 1960 Colo-

154 1985 254 2025 niae)
291 1984 337 2017 ali
360 1994 434 2017 non
472 1987 624 2027 poterat,
661 1985 746 2027 quin
769 1985 837 2027 ipsi
873 1984 1081 2017 laborarent
1139 1983 1230 2016 Nam
1272 1993 1462 2016 numerum
1498 1984 1698 2017 incolarum

156 2041 265 2074 totius
305 2039 445 2074 Galliae
481 2041 616 2073 centies
647 2041 883 2083 quinquagies
920 2044 1153 2073 centenorum
1191 2040 1326 2072 milium
1364 2040 1471 2073 fuisse
1511 2044 1699 2073 censentes

155 2097 215 2139 (ef.
244 2096 501 2130 Wietensheim
539 2095 752 2130 Geschichte
789 2096 853 2129 der
880 2096 1243 2140 Volkerwanderung
1279 2096 1380 2129 Buch
1403 2097 1420 2129 I
1456 2107 1489 2140 p.
1515 2096 1696 2149 207—133

154 2153 298 2196 Zumpt:
335 2153 457 2186 Ueber
481 2153 552 2186 den
576 2153 688 2186 Stand
713 2153 778 2186 der
802 2153 1057 2197 Bevolkerung
1080 2152 1155 2186 und
1180 2152 1238 2185 die
1263 2153 1622 2197 Volksvermehrung
1646 2154 1695 2185 im

153 2209 356 2243 Alterthum
381 2219 415 2252 p.
440 2208 594 2251 46—49)
620 2210 791 2242 efficimus
829 2220 892 2252 pro
918 2213 1019 2252 parte
1042 2208 1217 2242 tredecim
1254 2210 1434 2242 civitatum
1462 2208 1589 2243 Gothis
1614 2219 1697 2242 con-

154 2274 346 2307 cessarum,
369 2265 406 2297 id
432 2269 487 2298 est
509 2275 575 2307 pro
601 2266 753 2308 septima
777 2266 884 2298 totius
911 2264 1049 2298 Galliae
1075 2268 1186 2307 parte,
1211 2265 1319 2297 vicies
1344 2268 1498 2297 centena
1521 2265 1620 2298 milia
1642 2266 1694 2298 in-

154 2320 317 2354 colarum
354 2320 613 2364 Romanorum,
652 2322 746 2354 inter
789 2331 880 2365 quos
917 2320 1102 2353 dimidiam
1127 2320 1241 2353 ferme
1277 2325 1417 2364 partem
1454 2321 1696 2365 agricolarum

154 2377 351 2411 conditioni
375 2377 592 2420 adscriptum
620 2378 728 2423 fuisse
742 2378 961 2422 conjicimus.
1009 2378 1146 2421 Itaque,
1170 2377 1232 2410 ubi
1254 2387 1346 2410 unus
1360 2376 1510 2422 Gothus,
1535 2378 1606 2412 duo
1620 2382 1695 2411 tan-

153 2438 229 2466 tum
254 2437 357 2467 erant
381 2434 534 2467 Romani
559 2434 751 2477 agricolae.
802 2434 870 2476 Qui
896 2444 1064 2467 numerus
1089 2432 1247 2467 Gothum
1272 2433 1392 2466 feriari
1416 2444 1489 2467 non
1514 2436 1696 2478 permitte·

153 2488 225 2522 bat.
274 2482 477 2523 Praeterea
491 2491 650 2534 ipsorum
678 2491 882 2534 aequalium
907 2491 1045 2534 scriptis
1071 2490 1254 2534 probatur,
1280 2489 1418 2524 Gothos
1443 2501 1550 2535 agros
1577 2491 1695 2525 colen-

155 2546 219 2580 dos
244 2558 397 2581 curasse.
446 2548 604 2580 Primum
632 2547 892 2592 Philostorgius
917 2548 957 2590 (l.
984 2550 1031 2589 c.)
1058 2548 1220 2590 affirmat,
1247 2546 1372 2581 Gothis
1397 2547 1579 2591 quandam
1613 2547 1694 2581 Gal-

153 2603 223 2636 liae
246 2608 386 2647 partem
413 2604 533 2637 datam
559 2614 637 2638 esse
662 2604 719 2637 ad
745 2615 797 2638 ex
823 2604 1046 2638 colendos
1071 2613 1224 2648 agros3
1250 2603 1382 2637 deinde
1397 2604 1541 2638 Orasius
1565 2607 1688 2637 narrat

155 2658 339 2702 barbaros,
365 2671 411 2694 ex
436 2664 594 2695 secratos
611 2660 751 2704 gladios
778 2672 873 2703 suos,
898 2660 953 2694 ad
976 2664 1131 2693 aratra
1155 2670 1350 2694 conversos
1376 2671 1465 2694 esse.
1514 2661 1593 2703 (lib.
1625 2660 1697 2705 vu,

156 2725 184 2747 c.
210 2715 294 2759 41);
319 2727 536 2760 quamquam
555 2717 693 2751 Suevos
719 2721 755 2750 et
786 2717 966 2752 Vandalos
992 2720 1028 2750 et
1039 2717 1177 2750 Alanos
1200 2716 1354 2761 intelligi
1377 2717 1464 2757 vult,
1489 2721 1610 2751 tamen
1627 2715 1699 2750 Go-
1723 2740 1731 2742 -

153 2769 298 2804 thorum
321 2772 505 2815 ingenium
530 2772 577 2805 ad
618 2773 870 2817 agriculturam
896 2774 1013 2806 minus
1035 2772 1237 2816 inclinasse,
1262 2782 1370 2816 quam
1393 2774 1554 2814 istorum,
1589 2782 1698 2806 nemo

154 2825 358 2861 contendat.
404 2827 573 2861 Paulinus
597 2828 825 2864 Petrocorius
850 2829 1007 2873 denique
1031 2828 1197 2862 universe
1222 2827 1269 2861 de
1282 2829 1403 2864 Gotho
1427 2829 1578 2872 loquens
1603 2827 1698 2862 colo·

153 2891 239 2914 num
264 2892 345 2916 eum
373 2885 534 2918 nominat
558 2885 842 2928 (Eucharisticon
869 2898 901 2920 v.
927 2885 1034 2928 502).
