1924 3148
922 139 976 180 29

176 277 314 331 mus¹)
342 278 602 331 Analophus
632 277 707 318 ille
738 277 836 331 quis
867 277 997 318 fuerit
1024 276 1158 330 plane
1187 276 1424 329 nescimus,
1454 286 1603 329 neque
1633 287 1721 329 qua

175 347 349 387 ratione
380 357 469 399 pax
499 357 599 386 cum
630 344 847 387 Romanis
877 348 1008 398 rupta
1037 344 1105 385 sit.
1163 341 1506 397 Aschbaehiuff)
1538 346 1718 385 conten·

177 412 250 465 dit,
280 413 365 454 hoc
395 412 562 453 bellum
592 415 760 453 motum
793 423 893 453 esse
925 411 1215 453 aGothorum
1245 422 1364 464 rege,
1397 411 1472 464 qui
1488 411 1719 452 Romanos

175 479 502 532 Inthurgorum,
562 479 784 521 Nororum
825 482 867 520 et
904 480 1176 520 Francorum
1212 477 1540 519 incursionibus
1578 477 1722 531 premi

178 545 482 598 cognovisset,
529 557 719 599 eamque
765 546 978 599 optimam
1024 545 1309 587 occasionem
1355 544 1412 585 ad
1456 543 1719 598 capiendam

175 612 400 654 Arelatem
433 612 660 654 censisset.
723 612 859 667 CuJus
892 613 1092 667 opinioni
1120 612 1302 653 minime
1331 613 1541 664 assentio,
1577 612 1720 652 Theo-

177 679 378 720 doricum
416 691 568 733 regem
613 692 705 721 non
743 680 857 721 inter
893 679 993 724 illos
1023 679 1240 720 barbaros
1285 678 1421 720 duces
1464 678 1720 720 habendum

175 757 275 787 esse
304 750 438 800 ratus,
469 747 545 800 qui
574 746 761 800 perfidia
776 747 931 802 magiS,
962 760 1097 801 quam
1127 747 1262 788 armis
1283 747 1528 800 triumphos
1560 746 1717 800 depor-

175 817 268 854 tare
298 814 516 867 studeant,
548 814 629 854 sed
659 815 725 854 his
754 815 902 868 potius
924 813 1325 862 adnumerandum,
1356 814 1432 868 qui
1461 826 1555 854 rem
1583 814 1719 867 publi-

175 893 273 922 cam
303 893 395 922 non
412 881 615 922 stabilem
647 893 748 922 esse
767 885 935 935 putent,
964 882 1050 926 nisi
1081 893 1198 935 quae
1225 882 1345 923 fama
1364 881 1585 923 fidelitatis
1604 881 1721 922 inter

175 948 345 989 vicinos
377 949 577 991 excellat.
637 949 795 1002 Neque
824 949 871 989 in
900 949 1169 991 Theodorici
1205 952 1400 991 mentem
1433 961 1536 1002 spes
1565 948 1719 989 venire

172 1017 360 1068 poterat,
399 1016 592 1069 aliquem
624 1016 879 1069 optimatem
913 1028 1012 1057 cum
1043 1029 1183 1070 parva
1212 1016 1441 1070 (quadam)
1472 1029 1609 1057 manu
1646 1027 1717 1056 ca-

175 1085 349 1136 pturum
391 1082 685 1124 esse'urbem
725 1083 842 1125 bene
870 1084 1099 1135 munitam,
1131 1096 1264 1137 quam
1293 1084 1391 1137 ipsc
1420 1095 1501 1137 per
1536 1083 1721 1135 longum

173 1152 347 1204 tempus
384 1151 545 1191 frustra
581 1154 896 1205 oppugnasset.
955 1151 1111 1205 Itaque
1150 1150 1365 1192 adductus
1396 1163 1506 1203 sum,
1554 1153 1600 1190 ut
1629 1161 1722 1190 cre-

177 1217 293 1269 dam,
323 1217 439 1257 hanc
470 1217 802 1270 expeditionem
837 1229 944 1270 rege
972 1218 1113 1259 inscio
1145 1221 1396 1271 susceptam
1429 1229 1529 1258 esse
1558 1217 1614 1257 ab
1645 1216 1721 1256 ali-

176 1296 264 1337 quo
297 1284 521 1337 optimate,
553 1284 749 1338 praedae
771 1284 973 1338 agendae
1003 1297 1151 1326 causa.
1213 1284 1303 1326 Sed
1323 1298 1459 1338 quum
1489 1284 1604 1324 hanc
1623 1295 1719 1324 rem

175 1351 321 1391 minus
352 1351 634 1404 perspiciam,
666 1353 974 1405 quaestionem
1004 1352 1050 1392 in
1080 1351 1229 1394 medio
1260 1352 1478 1405 relinquo.

258 1418 356 1459 Hoc
386 1421 585 1471 tempore
613 1419 850 1472 imperium
880 1420 1134 1461 Romanum
1165 1420 1359 1460 cruentis
1397 1419 1524 1460 bellis
1554 1418 1719 1459 intesti-

175 1486 246 1526 nis
278 1485 571 1537 lacerabatur,
603 1498 738 1539 quum
755 1487 1023 1540 Bonisacius,
1054 1487 1163 1539 (qui,
1194 1486 1297 1527 dum
1313 1486 1542 1527 ,Iohannes
1572 1497 1722 1526 rerum

174 1552 342 1604 potitus
373 1555 454 1603 est,
487 1552 680 1593 Africam
712 1554 987 1606 provinciam
1007 1554 1053 1594 in
1082 1553 1170 1593 fide
1201 1565 1307 1606 erga
1335 1552 1576 1593 Placidiam
1609 1552 1721 1604 ejus-

176 1630 263 1671 que
279 1619 416 1659 filium
434 1620 653 1673 tenuerat)
670 1620 786 1660 Aetii
796 1620 967 1664 ‚aemuli
980 1619 1207 1660 fraudibus
1222 1619 1280 1659 ad
1295 1619 1584 1660 rebellionem
1602 1631 1720 1661 com-

174 1685 426 1738 pelleretur.
486 1686 644 1727 Scribit
674 1686 730 1727 de
758 1687 843 1727 hac
872 1699 922 1728 re
937 1683 1250 1740 Procopius³):
1282 1686 1463 1739 „Aetius
1477 1685 1596 1739 apud
1625 1685 1721 1726 Pla·

175 1752 335 1793 cidiam
375 1765 560 1806 regnum
603 1765 705 1796 eum
736 1754 1049 1808 (Bonisacium)
1090 1753 1303 1807 adpetere
1333 1753 1588 1794 criminatus
1634 1756 1720 1800 θείς

176 1823 219 1859 et
247 1819 333 1872 ipsi
364 1823 406 1860 et
434 1820 694 1873 imperatori
724 1821 918 1862 Africam
960 1824 1233 1874 erepturum3
1270 1820 1401 1861 facile
1432 1823 1578 1860 autem
1612 1819 1723 1860 dixit

176 1898 276 1927 esse
318 1898 413 1927 rem
459 1887 717 1940 explorare:
766 1888 803 1928 si
834 1888 953 1928 enim
983 1888 1174 1929 Romam
1206 1887 1481 1928 Bonisacium
1525 1890 1721 1940 vocaret,

174 1966 265 1994 non
311 1957 559 1995 venturum.
617 1956 741 1996 Haec
787 1959 833 1996 ut
877 1955 1044 1996 audivit
1087 1954 1295 2007 Placidia,
1327 1954 1441 1995 Aetii
1486 1954 1718 1995 consilium

174 2021 384 2073 sequitur.
442 2021 501 2061 At
531 2025 770 2074 occuparat
792 2022 886 2074 jam
918 2023 1072 2062 Aetius
1104 2022 1218 2062 clam
1249 2021 1445 2062 scribere
1473 2021 1719 2072 Bonisacio,

177 2089 364 2127 matrem
395 2087 678 2140 imperatoris
708 2087 891 2129 insidias
920 2089 1006 2141 ipsi
1036 2092 1228 2140 struere3
1260 2089 1384 2141 cujus
1414 2088 1480 2128 rei
1509 2087 1721 2128 indicium

173 2153 409 2207 praedixit,
439 2154 549 2204 fore,
581 2158 628 2195 ut
642 2156 738 2196 sine
770 2167 906 2196 causa
935 2156 1079 2197 subito
1096 2158 1395 2196 revocaretur.
1440 2155 1533 2195 Has
1553 2154 1720 2195 litteras

173 2219 357 2260 minime
403 2221 570 2273 sprevit
600 2222 894 2263 Bonifacius.“
953 2222 1100 2263 Eheu!
1148 2225 1313 2275 quanta
1343 2225 1439 2262 erat
1478 2221 1722 2262 honestatis

177 2286 413 2327 Romanae
442 2288 584 2341 ruina,
616 2292 781 2342 quanta
800 2289 989 2343 perfidia
1019 2301 1173 2330 eorum
1203 2289 1415 2340 virorum,
1446 2300 1587 2342 penes
1608 2300 1720 2341 quos

175 2364 396 2394 summum
425 2353 661 2407 imperium
680 2360 785 2409 erat,
817 2369 950 2409 quum
978 2357 1071 2409 Jam
1093 2355 1244 2398 odium
1265 2355 1485 2408 privatum
1518 2356 1722 2396 furtunae

175 2420 411 2461 universae
440 2421 715 2474 reipublicae
755 2425 1099 2476 anteponerent!
1138 2422 1344 2475 Romani,
1383 2422 1458 2475 qui
1487 2423 1721 2464 Romanae

173 2485 259 2538 ipsi
288 2487 563 2541 reipublicae
594 2488 726 2530 fidem
758 2503 850 2532 non
880 2493 1123 2540 servarent,
1160 2489 1345 2532 foedera
1381 2501 1482 2529 cum
1518 2489 1720 2531 bai-baris

173 2552 262 2593 icta
290 2554 387 2596 sine
418 2554 554 2597 dubio
587 2556 869 2598 observanda
896 2570 988 2599 non
1020 2569 1120 2598 esse
1151 2557 1464 2599 aestimabant!

254 2731 280 2773 ¹)
306 2732 394 2767 idat.
420 2733 467 2767 ad
491 2744 573 2768 ann.
598 2734 682 2769 430:
721 2736 812 2780 „Per
835 2736 981 2770 Actium
1019 2739 1188 2772 comitem
1224 2736 1321 2770 haud
1345 2736 1469 2781 procul
1507 2735 1552 2769 de
1577 2736 1723 2769 Arelate

175 2796 287 2829 quae
298 2788 318 2821 d
328 2799 392 2822 am
407 2789 611 2824 Gothorum
626 2802 659 2824 m
670 2802 754 2825 anu
764 2802 780 2825 s
798 2793 1028 2837 extinguitur,
1042 2793 1237 2838 Anaolplio
1252 2795 1426 2838 optimate
1436 2803 1565 2828 eorum
1581 2795 1685 2836 capto
1703 2791 1723 2809 “

247 2843 281 2886 ²)
305 2843 553 2881 Aschbachius
577 2847 600 2883 l.
626 2858 654 2881 c.
682 2859 715 2892 p.
743 2848 818 2883 116.

250 2899 278 2940 ³)
303 2901 346 2932 cf.
372 2902 522 2945 Procop.
548 2903 573 2939 l.
598 2914 628 2936 c.
653 2904 713 2937 lib.
740 2905 766 2937 1.
792 2915 821 2937 c.
846 2905 878 2938 3.
