1924 3148
934 79 989 119 42

184 227 319 269 quam
358 216 589 257 nominata
617 226 709 256 non
740 218 855 267 sunt,
900 217 1050 254 tamen
1089 214 1300 268 colligere
1331 227 1582 269 possumus,
1642 216 1728 258 Go-

180 282 358 324 thorum
404 285 524 323 certo
566 281 708 334 magis
753 281 979 332 intererat,
1023 284 1071 321 ut
1108 282 1220 322 fines
1250 284 1376 336 regni
1420 282 1656 324 dilatarent
1683 283 1730 323 in

179 348 411 389 meridiem
442 360 611 399 versus,
643 360 777 401 quam
807 348 850 388 in
869 348 1232 401 septentrionem.
1290 349 1375 389 Hic
1404 361 1613 403 asperum
1629 361 1728 391 coe-

179 416 286 468 lum,
317 427 538 469 pauperes
568 415 676 468 agri,
709 415 840 455 amici
869 415 1067 463 incolae3
1097 415 1186 456 illic
1217 416 1391 457 coelum
1424 417 1542 464 mite,
1572 416 1730 457 divites

181 484 290 537 agri,
336 482 577 536 expetitum
622 482 782 535 solum,
827 483 969 536 majus
1010 483 1142 524 etiam
1185 482 1287 524 belli
1326 487 1613 526 momentum.
1673 484 1731 525 At

178 551 486 593 Narbonensis
527 549 770 603 provincia,
810 549 866 591 de
897 551 1021 604 cujus
1051 550 1352 604 possessione·
1380 550 1544 591 bellum
1575 563 1729 592 cruen-

178 617 396 658 tissimum
414 620 667 670 susceptum
700 620 807 669 erat,
838 617 882 656 in
900 617 1208 659 Romanorum
1240 616 1408 657 ditione
1423 617 1727 658 remanebant.

263 683 421 737 Neque
452 683 754 724 Arvernorum
802 687 921 724 terra
965 696 1184 725 concessa
1229 687 1315 736 est3
1360 684 1484 736 cujus
1530 685 1727 737 regionis

181 750 453 803 expugnatio
484 748 754 790 Theodorici
783 749 883 790 filiis
915 750 1075 791 evenit.
1136 751 1343 792 Attamen
1374 751 1564 792 victores
1597 750 1729 792 Gothi

180 817 338 857 duram
377 829 535 869 pacem
567 816 784 857 Romanis
815 817 1134 869 imposuerant.
1193 818 1387 858 Divitem
1417 818 1549 871 igitur
1586 817 1727 870 regio-

178 895 283 924 nem
315 883 370 924 ab
400 883 671 936 imperatore
701 894 963 924 concessam
1003 895 1103 924 esse
1132 884 1408 937 conjicimus:
1453 884 1575 924 Talis
1603 884 1727 937 regio

180 954 276 991 erat
303 951 474 1004 reliqua
490 950 922 1004 Novempopulanae
953 964 1070 1004 pars,
1102 963 1219 1005 quae
1254 951 1387 992 etiam
1418 963 1499 992 sex
1530 952 1728 992 civitates

180 1018 449 1063 continebat,
489 1018 583 1057 miti
614 1018 742 1059 coelo
774 1017 998 1072 gaudebat
1028 1021 1072 1059 et
1109 1018 1240 1059 fert-ili
1270 1030 1391 1072 agro.
1450 1019 1573 1059 Haec
1602 1018 1727 1071 regio

181 1085 338 1127 Gothis
383 1084 543 1125 tradita
574 1096 674 1126 esse
710 1085 819 1125 mihi
857 1085 1050 1126 videtur:
1096 1086 1287 1138 primum
1326 1085 1446 1138 quod
1489 1084 1729 1125 verisimile

179 1164 271 1194 non
303 1155 381 1204 est,
413 1151 544 1192 aliam
562 1151 737 1205 imperii
767 1155 940 1206 partem
972 1164 1233 1194 concessam
1255 1164 1368 1204 esse,
1400 1151 1574 1205 deinde,
1607 1150 1728 1205 quod

180 1220 428 1272 Salvianus,
460 1219 534 1271 qui
550 1222 653 1272 post
668 1219 833 1259 bellum
863 1219 1150 1260 narbonense
1165 1219 1304 1260 libros
1329 1219 1385 1260 de
1406 1219 1728 1273 gubernatione

179 1287 265 1328 Dei
309 1286 586 1340 conscripsit,
632 1286 1065 1340 Novempopulanos
1112 1289 1231 1328 terra
1274 1297 1355 1327 sua
1385 1286 1596 1339 expulsos
1627 1297 1728 1326 esse

178 1356 400 1395 memorat
430 1353 508 1403 (de
537 1352 861 1406 gubernatione
889 1354 973 1394 Dei
1004 1353 1078 1394 lib.
1111 1354 1205 1394 VII.
1238 1367 1278 1406 p.
1318 1351 1392 1391 132
1424 1355 1523 1405 sq.).
1570 1352 1728 1405 Itaque

180 1426 273 1462 tota
301 1419 709 1473 Novempopulana
740 1419 900 1462 tradita
928 1432 1085 1474 pacem
1105 1420 1362 1462 conclusam
1393 1431 1494 1460 esse
1518 1420 1618 1473 jure
1639 1419 1727 1460 col-

179 1489 321 1542 ligere
351 1487 566 1528 videmur.

267 1555 395 1610 Quae
425 1555 547 1608 pacis
565 1551 794 1595 conclusio
826 1554 1019 1595 lucidum
1038 1555 1293 1609 exemplum
1310 1557 1376 1595 est
1405 1566 1606 1595 summac
1623 1557 1727 1595 tem-

180 1623 411 1678 perantiae
449 1622 598 1676 magni
628 1622 760 1675 regis,
805 1623 880 1675 qui
909 1622 1025 1663 hosti
1056 1622 1112 1662 ad
1155 1635 1281 1663 suam
1313 1621 1581 1663 deletionem
1627 1634 1726 1674 pro--

180 1692 294 1732 fecto
340 1690 462 1730 leves
502 1689 558 1741 (si
600 1689 785 1742 respicis
832 1689 1042 1730 miserum
1082 1690 1388 1730 Romanorum
1434 1691 1595 1729 statum
1628 1691 1728 1741 post

181 1757 374 1807 cladem]
406 1756 684 1798 conditiones
714 1756 978 1809 imponeret.
1037 1757 1196 1810 Neque
1234 1757 1380 1796 minus
1410 1756 1527 1796 Aetii
1565 1767 1728 1808 magna

181 1837 253 1865 ars
284 1823 606 1878 placandorum
638 1823 907 1864 irritatorum
939 1823 1190 1864 animorum
1220 1823 1376 1863 elucet.

264 1893 475 1933 Fortasse
491 1890 645 1930 Aetius
676 1902 842 1930 novum
874 1889 1030 1931 foedus
1061 1890 1263 1942 firmavit,
1294 1892 1478 1942 accepta
1505 1889 1551 1929 in
1582 1888 1727 1929 matri-

181 1958 381 1999 monium
412 1957 578 1997 femina
617 1967 673 1996 ex
705 1956 828 2009 regia
858 1956 1008 2009 stirpe,
1049 1955 1170 2009 quod
1207 1955 1406 1996 indicare
1442 1955 1646 1995 videntur
1684 1955 1727 1994 hi

180 2036 335 2067 versus
367 2023 550 2075 Sidonii,
581 2023 655 2076 qui
686 2035 873 2064 uxorem
904 2023 1020 2064 Aetii
1050 2024 1111 2064 ita
1140 2023 1397 2076 loquentem
1426 2022 1612 2062 inducit:

350 2090 496 2145 „Quid
527 2091 687 2131 faciam
717 2090 900 2131 infelix?
930 2094 1034 2132 nato
1058 2103 1184 2144 quae
1214 2102 1354 2143 regna
1383 2090 1566 2143 parabo,

350 2159 618 2212 „Exclusa
647 2158 896 2211 sceptris
930 2158 1161 2211 Geticis,
1192 2157 1446 2210 respublica
1476 2157 1512 2197 si
1544 2169 1614 2197 me

349 2225 619 2278 „Praeterit“
636 2224 669 2275 ι)

181 2300 224 2335 et
254 2307 312 2335 ex
331 2291 618 2334 Merobaudis
650 2291 852 2332 versibus
883 2292 927 2331 in
962 2291 1265 2342 Genethliaco‚
1297 2291 1387 2332 filio
1409 2291 1527 2331 A’e‘tii
1558 2290 1724 2330 dicato:

478 2358 634 2412 „Adsit
664 2370 765 2398 cum
796 2358 920 2399 socio
951 2364 1138 2411 parente
1169 2358 1379 2411 conjunX,

476 2426 711 2479 „Gonjunx
741 2438 833 2467 non
863 2426 1035 2467 levibus
1067 2425 1270 2466 canenda
1300 2424 1450 2470 Musis,

478 2494 706 2546 „Heroum
736 2493 931 2546 suboles,
958 2505 1160 2546 propago
1191 2504 1360 2546 regum,

477 2561 641 2614 „Cujus
672 2561 815 2615 gloria
845 2561 1054 2601 feminam
1085 2560 1346 2613 superstat.“

256 2686 282 2726 ¹)
307 2684 430 2718 Sidon.
457 2684 578 2727 Apoll.
604 2683 759 2717 Carmen
787 2683 813 2715 V
842 2683 1056 2727 Panegyrici
1079 2683 1116 2716 in
1143 2683 1364 2727 Majoranum
1391 2692 1481 2714 vers.
1509 2680 1586 2716 203,
1613 2692 1687 2724 seq.
