1924 3148
926 131 980 173 36

263 268 419 310 Aetius
447 267 525 309 illo
556 270 760 321 tempore
790 266 986 308 motibus
1013 266 1060 307 in
1091 266 1239 308 Gallia
1268 266 1621 322 septentrionali,
1651 266 1727 307 ubi

178 335 219 376 ei
250 334 382 376 simul
410 333 795 389 Burgundionum,
841 332 1170 388 Bagaudarum,
1210 333 1547 377 Armoricorum
1584 333 1727 376 rebel—

183 401 327 442 liones
347 400 663 454 reprimendae
683 403 823 453 erant,
852 399 1192 453 impediebatur,
1223 401 1462 454 quominus
1480 401 1577 441 urbi
1597 399 1729 441 valde

176 479 361 521 pressae
390 468 436 508 in
469 467 682 508 auxilium
713 466 899 518 veniret,
946 466 1208 520 Gothosque
1237 466 1488 520 repelleret,
1534 465 1655 521 quod
1685 466 1728 508 ei

172 535 267 587 Jam
297 534 365 575 bis
383 535 641 588 contigerat.
689 533 839 588 Quum
854 533 951 574 urbi
975 545 1107 587 opem
1130 534 1246 574 ferre
1261 545 1353 575 non
1370 537 1536 588 posset,
1565 533 1729 574 civium

176 601 326 641 virtuti
356 600 558 643 defensio
590 600 830 643 commissa
859 602 946 654 est3
975 611 1125 654 nepue
1154 599 1362 654 indignos
1392 612 1494 643 sese
1511 599 1726 655 praebue-
1791 617 1796 621 ·

175 671 278 709 runt
321 672 445 710 tanta
472 667 646 709 fiducia.
705 668 851 709 Tanta
895 668 1015 709 enim
1046 667 1205 709 virtute
1247 667 1527 722 resistebant,
1573 673 1621 709 ut
1650 667 1726 709 ob·

177 735 292 777 sidio
330 737 375 776 in
414 736 670 790 proximum
701 747 867 776 annum
899 733 1023 787 (437)
1053 735 1399 788 continuaretur,
1436 747 1585 790 neque
1623 746 1723 776 cum

175 813 342 856 magna
371 803 619 844 Gothorum
650 814 744 855 spe.

262 869 410 923 Quum
441 868 621 910 tandem
638 868 913 922 procedente
935 868 1270 922 oppugnatione
1291 868 1452 909 civium
1483 881 1609 910 arma
1624 880 1726 910 con-

177 939 245 976 tra
276 936 524 977 Gothorum
554 933 728 977 validos
757 935 949 989 impetus
978 935 1102 976 irrita
1122 937 1285 988 essent,
1317 936 1562 991 oppugnati
1592 935 1725 977 etiam

177 1004 361 1044 caritate
392 1014 603 1044 annonae
617 1005 941 1056 premerentur,
971 1007 1209 1055 postquam
1225 1002 1331 1043 urbs
1361 1014 1388 1044 a
1418 1004 1530 1044 mari
1546 1013 1726 1056 quoque

177 1071 431 1111 commeatu
458 1068 700 1110 interclusa
729 1065 845 1123 est,¹)
877 1067 1186 1110 defensionem
1209 1069 1304 1122 jam
1323 1068 1491 1111 irritam
1523 1080 1624 1111 esse
1643 1067 1727 1109 rati

166 1135 236 1177 .de
256 1136 400 1177 salute
416 1135 729 1189 desperabant.
775 1136 832 1177 Et
857 1136 949 1188 Jam
978 1135 1024 1175 in
1046 1147 1101 1177 eo
1118 1139 1259 1188 erant,
1290 1140 1337 1176 ut
1359 1135 1630 1178 deditionem
1649 1146 1724 1188 pa-

176 1206 340 1255 rarent,
385 1215 523 1257 quum
552 1203 598 1244 in
629 1203 715 1245 hoc
753 1215 928 1245 summo
959 1215 1108 1244 rerum
1139 1202 1395 1245 discrimine
1422 1203 1626 1256 Litorius,
1670 1200 1727 1242 ab

179 1270 311 1311 Aetio
343 1270 520 1323 missus,
551 1269 608 1310 ad
639 1270 796 1311 urbem
825 1269 1104 1310 liberandam
1136 1269 1328 1313 advenit.
1374 1270 1577 1324 Quicum
1607 1267 1728 1321 equi-

179 1340 285 1389 tatu,
325 1348 459 1389 quem
489 1348 641 1377 secum
672 1336 878 1389 habebat,
917 1347 999 1389 per
1029 1336 1201 1377 medios
1230 1336 1396 1389 hostes,
1427 1337 1504 1390 qui
1534 1334 1726 1377 obsidio-

178 1415 282 1442 nem
313 1402 541 1454 curabant,
579 1403 626 1442 in
655 1402 812 1442 urbem
843 1401 1005 1455 evadit,
1042 1402 1264 1456 simulque
1302 1402 1498 1443 advectis
1528 1412 1609 1455 per
1639 1400 1726 1440 sin-

179 1469 307 1523 gulos
339 1469 511 1524 equites
541 1469 657 1509 binis
688 1469 817 1510 tritici
846 1468 1022 1522 modiis,
1053 1470 1274 1510 civitatem
1305 1480 1486 1511 annona
1513 1467 1726 1521 implevit.

180 1535 280 1589 Quo
311 1536 474 1575 factum
506 1539 586 1587 est,
616 1539 665 1575 ut
683 1534 990 1576 Theodoricus
1022 1536 1155 1576 etiam
1186 1535 1243 1577 de
1272 1536 1391 1577 Astii
1419 1535 1614 1576 adventu
1634 1544 1727 1574 cer-

179 1604 265 1645 tior
294 1603 448 1655 factus,
494 1603 649 1644 castris
679 1603 825 1655 motis,
870 1603 1013 1644 vineis
1051 1603 1434 1656 testidunibusque
1479 1602 1727 1653 destructis,

180 1669 236 1710 ab
275 1669 398 1710 urbis
437 1668 673 1710 moenibus
717 1679 819 1710 sese
855 1668 1076 1723 reciperet
1105 1681 1224 1712 anno
1254 1667 1393 1721 437.²)
1452 1669 1510 1711 At
1553 1671 1729 1710 ceterae

178 1736 440 1791 provinciae
455 1736 664 1790 regiones
680 1735 880 1778 nondum
895 1736 1084 1790 reliquit,
1114 1737 1251 1780 immo
1282 1737 1415 1780 etiam
1435 1737 1531 1790 ejus
1562 1735 1729 1790 oppida

180 1806 225 1844 et
252 1804 349 1844 vias
395 1805 635 1856 occupatas
666 1802 860 1844 tenebat.
921 1803 1049 1859 Quae
1092 1816 1230 1858 quum
1265 1804 1328 1846 ita
1364 1807 1527 1857 essent,
1572 1803 1727 1845 Aetius

181 1872 324 1913 victor
354 1870 410 1912 de
430 1870 835 1925 Burgundionibus,
865 1875 913 1912 ut
943 1883 1022 1913 eos
1053 1883 1079 1913 e
1108 1873 1339 1925 provincia
1368 1872 1560 1925 ejiceret,
1592 1872 1724 1913 enite-

178 1939 321 1980 batur.
380 1938 598 1979 Bellatum
628 1941 696 1979 est
712 1949 831 1980 anno
847 1937 930 1978 437
941 1937 973 1989 3)
1005 1937 1146 1979 61438
1175 1939 1220 1979 in
1250 1939 1495 1993 provincia,
1526 1938 1725 1993 contigit·

181 2018 269 2060 que
300 2005 444 2058 Aetio,
483 2008 530 2046 ut
557 2005 709 2047 hostes
739 2004 902 2047 cedere
932 2009 1124 2059 cogeret,
1170 2009 1406 2060 postquam
1439 2018 1594 2048 eorum
1625 2009 1726 2047 octo

181 2073 304 2113 milia
335 2072 520 2112 militum
551 2062 766 2121 ceciditst)

254 2206 281 2247 ¹)
305 2206 392 2240 Jure
416 2206 631 2250 colligimus,
667 2206 879 2240 Narbonem
916 2208 1023 2240 etiam
1056 2218 1078 2241 a
1103 2208 1192 2241 mari
1229 2209 1415 2242 obsessam
1452 2208 1582 2251 fuisse,
1622 2208 1727 2241 aliter

181 2264 276 2297 enim
303 2262 486 2306 explicare
510 2272 584 2296 non
608 2257 811 2305 possumus,
835 2263 963 2296 urbem
982 2273 1130 2297 annona
1153 2265 1384 2298 interclusam
1410 2274 1500 2307 esse,
1526 2263 1624 2309 quod
1649 2274 1725 2298 om-

180 2329 245 2352 nes
271 2320 347 2352 fere
372 2319 491 2352 fontes
516 2318 751 2355 contendunt.
803 2318 899 2361 Quid
923 2321 1065 2360 mirum,
1098 2319 1237 2354 Gothos
1263 2331 1307 2355 eo
1331 2324 1496 2365 tempore
1529 2321 1619 2353 mari
1643 2320 1728 2353 vali-

182 2375 248 2409 dos
275 2376 395 2420 fuisse,
432 2375 560 2418 quibus
587 2373 752 2408 Oceanus
776 2376 811 2408 in
838 2375 1034 2420 Aquitania
1069 2377 1265 2421 navigandi
1289 2378 1517 2412 occasionem
1544 2377 1726 2420 praebuis-

180 2436 245 2465 set.
294 2430 531 2465 Gollexerunt
568 2432 645 2463 sine
673 2430 783 2464 dubio
821 2442 948 2465 omnes
973 2442 1084 2465 naves
1116 2436 1192 2466 toto
1218 2435 1335 2476 titore,
1371 2443 1489 2477 neque
1526 2431 1728 2476 defuerunt,

181 2488 242 2531 qui
266 2487 541 2531 tempestatibus
560 2487 683 2531 maris,
707 2487 1072 2532 Narbonensiumque
1095 2489 1290 2533 impetibus
1315 2489 1455 2523 fortiter
1478 2488 1622 2523 obviam
1647 2489 1730 2522 ituri

180 2546 311 2577 essent.

254 2601 280 2635 ²>
309 2599 388 2633 [sid.
414 2599 549 2645 Hispal.
575 2620 616 2626 —
644 2600 767 2644 Prosp.
792 2600 914 2645 Aquit.
940 2620 982 2626 —-—
1008 2601 1133 2637 Sidon.
1160 2601 1318 2646 Apollin.
1343 2602 1604 2648 Panegyricum
1629 2601 1728 2636 Aviti

183 2670 213 2691 v.
239 2657 307 2691 475
333 2662 459 2702 etseq.
490 2678 524 2682 —
554 2658 642 2693 Idat.
669 2658 793 2692 chron.

256 2714 284 2754 ⁸)
310 2714 435 2758 Prosp.
462 2715 585 2758 Aquit.
610 2714 720 2749 Aetio
746 2715 776 2747 11
804 2717 841 2748 et
856 2712 1080 2759 Sigisvuldo:
1106 2715 1270 2759 „Bellum
1296 2715 1468 2750 adversus
1479 2715 1620 2750 Gothos
1635 2714 1728 2750 Chu-

181 2773 234 2804 nis
259 2771 516 2805 auxiliantibus
540 2773 713 2816 gerit-ur.“

253 2828 283 2870 ⁴.)
308 2827 432 2872 Prosp.
458 2828 578 2872 Aquit.
605 2828 815 2863 Theodosio
842 2828 927 2862 XVI
952 2832 988 2862 et
1012 2828 1143 2863 Fausto
1169 2831 1281 2872 (anno
1306 2828 1389 2869 438)
1415 2828 1641 2873 ,.Adversum
1657 2829 1728 2864 Go-

180 2884 262 2918 thos
285 2885 321 2917 in
348 2884 466 2919 Gallia
490 2886 870 2931 quaedamkprospere
896 2886 1033 2931 gesta.“
