2814 3514
1158 295 1207 336 41

413 444 503 473 non
534 433 683 486 fuisse,
713 432 823 472 haec
854 431 1075 484 conjicere
1109 443 1268 472 conor:
1300 431 1468 484 AetiuS,
1508 432 1584 485 qui
1627 432 1707 472 toti
1743 432 1956 473 exercitui

413 501 568 539 contra
584 499 754 540 Gothos
770 501 1028 551 comparato
1046 499 1268 551 profectus
1299 502 1407 551 erat,
1432 499 1584 552 copias
1602 511 1705 539 suas
1720 499 1782 539 ita
1797 498 1955 552 divisit,

413 568 460 606 ut
474 565 658 607 alteram
672 570 843 619 partem
873 565 971 618 ipse
1001 564 1215 606 adversus
1245 565 1396 606 hostes
1413 564 1609 618 duceret,
1640 566 1825 606 alteram
1856 579 1953 619 par-

413 636 515 684 tem,
544 633 590 672 in
614 645 704 685 qua
733 632 975 684 equitatum
993 632 1273 684 Hunnorum,
1303 632 1468 673 Litorio
1493 633 1798 685 committeret,
1828 645 1953 686 prae-

413 699 595 751 cipiens,
643 702 689 738 ut
718 711 850 751 quam
881 698 1112 739 celerrime
1150 710 1232 751 per
1269 698 1574 740 Arvernorum
1618 702 1757 739 terras
1789 699 1954 741 Gotho·

412 778 509 805 rum
539 765 650 805 fines
680 769 863 818 peteret.

496 832 684 872 Litorius
706 825 779 882 iis,
825 843 940 884 quae
979 831 1020 871 ei
1058 834 1299 883 praecepta
1338 834 1476 883 erant,
1521 831 1706 872 feliciter
1747 834 1952 885 peractis,

411 897 549 937 nimia
587 897 829 938 ambitione
868 909 922 938 eo
955 896 1191 950 perductus
1232 900 1310 950 est,
1355 900 1403 938 ut
1428 897 1545 938 Aetii
1575 898 1818 939 exercitum
1862 911 1953 939 non

412 968 678 1017 exspectans
710 964 957 1005 Gothorum
1002 967 1136 1017 caput
1166 964 1494 1017 aggrederetur,
1538 969 1583 1004 at
1627 965 1737 1005 tristi
1776 970 1952 1017 eventu,

411 1043 545 1084 quem
570 1032 662 1084 jam
695 1031 999 1083 cognovimus.
1058 1030 1364 1072 Theodoricus
1394 1032 1578 1072 victoria
1609 1036 1796 1083 erectus,
1832 1037 1951 1084 post-

412 1109 544 1150 quam
577 1098 716 1138 altera
730 1098 923 1139 Romani
952 1097 1174 1138 exercitus
1203 1109 1307 1150 pars
1324 1097 1471 1138 deleta
1500 1101 1580 1148 est,
1612 1098 1740 1138 Aetio
1774 1097 1952 1139 obviam

412 1164 502 1204 ivit.
561 1163 649 1205 Sed
693 1163 1005 1204 vicissitudinis
1049 1175 1197 1204 rerum
1235 1164 1527 1203 humanarum
1557 1163 1678 1203 haud
1719 1164 1955 1205 immemor

412 1230 664 1282 pactionem
695 1242 787 1270 non
816 1230 1049 1281 recusavit,
1095 1241 1211 1282 quae
1241 1229 1298 1269 ad
1327 1230 1461 1269 finem
1491 1228 1673 1268 redacta
1711 1233 1795 1270 est·
1821 1231 1952 1271 inter-

413 1300 548 1338 ventu
578 1297 653 1337 Sti.
686 1296 872 1337 Orientii
903 1301 947 1337 et
974 1296 1106 1348 Aviti,
1145 1296 1427 1338 Theoderico
1467 1296 1694 1336 familiaris
1734 1300 1776 1337 et
1807 1298 1951 1339 amici.

411 1364 535 1404 Haec
581 1363 813 1403 hactenus!
867 1363 1110 1416 Pergamus
1162 1362 1426 1416 conjecturis
1470 1361 1634 1402 relictis
1685 1374 1757 1403 res
1804 1367 1951 1417 gestas

412 1441 607 1472 narrare.

496 1496 704 1537 Sidonius
735 1495 1004 1548 Apollinaris
1042 1495 1350 1536 Romanorum
1387 1494 1688 1537 conditionem
1728 1500 1830 1549 post
1866 1497 1951 1537 cla-

413 1563 513 1604 dem
560 1562 679 1616 apud
722 1562 934 1603 Tolosam
979 1566 1209 1615 acceptam
1253 1565 1299 1602 ut
1341 1562 1637 1602 miserrimam
1684 1562 1949 1617 describit'):

413 1630 657 1671 exercitum
694 1629 831 1669 fuisse
861 1627 1068 1681 deletum,
1115 1640 1360 1682 omnesque
1398 1632 1538 1668 terras
1570 1640 1710 1682 usque
1747 1629 1803 1670 ad
1835 1631 1951 1672 Rho-

413 1696 577 1737 danum
630 1696 809 1736 fluvium
854 1696 1008 1736 Gothis
1053 1695 1292 1736 victoribus
1336 1695 1555 1748 patuisse3
1601 1695 1737 1736 duces
1788 1697 1950 1738 Roma-

419 1776 502 1805 nos
535 1763 709 1805 consilii
745 1763 903 1815 inopes
933 1762 1027 1815 regi
1057 1761 1337 1803 Theodorico
1375 1762 1583 1803 resistere
1613 1775 1702 1804 non
1732 1764 1952 1818 potuisse3

414 1842 572 1883 pacem
621 1829 877 1870 conclusam
921 1840 1020 1869 esse
1064 1829 1314 1869 interventu
1355 1828 1473 1869 Aviti
1521 1829 1677 1870 soceri.
1737 1830 1805 1870 De
1848 1842 1951 1872 con-

412 1897 653 1938 ditionibus
696 1899 831 1949 poeta
875 1896 985 1936 silet.
1044 1896 1237 1948 Prosper
1281 1895 1569 1947 Aquitanicus
1614 1899 1761 1935 autem
1806 1896 1948 1950 docet,

413 1964 584 2005 Gothos
600 1963 817 2004 victorum
847 1974 974 2003 more
1002 1963 1126 2015 pacis
1143 1965 1187 2003 et
1215 1961 1409 2003 foederis
1425 1961 1704 2004 conditiones
1735 1965 1949 2016 praescri-

414 2032 579 2084 psisse3
610 2031 670 2071 ait
700 2030 839 2071 enim:
872 2030 993 2081 „Pax
1009 2030 1125 2070 facta
1153 2041 1253 2070 cum
1277 2029 1445 2081 Gothis,
1477 2042 1612 2081 quum
1629 2041 1726 2070 eam
1757 2035 1859 2083 post
1875 2044 1949 2072 an-

411 2098 553 2151 cipitis
583 2108 760 2150 pugnae
788 2096 1062 2137 lacrimabile
1084 2096 1437 2149 experimentum
1468 2097 1686 2149 humilius,
1718 2110 1849 2150 quam
1872 2112 1949 2139 un-

415 2177 548 2218 quam
579 2167 724 2216 antea,
755 2162 1153 2216 poposcissent.“²)
1199 2163 1304 2203 Sine
1334 2162 1468 2204 dubio
1485 2163 1675 2204 Romani
1706 2165 1947 2205 secundum

412 2233 505 2284 ejus
522 2231 643 2284 pacis
665 2229 942 2271 conditiones
960 2235 1175 2270 terrarum
1196 2229 1359 2270 damna
1374 2230 1564 2270 subiere.
1625 2230 1765 2283 Quae,
1796 2243 1948 2283 quam-

486 2421 515 2461 1)
539 2418 706 2453 Sidonius
731 2419 850 2462 Apoll.
875 2419 912 2451 in
937 2418 1161 2462 Panegyrico
1188 2419 1283 2452 Aviti
1307 2431 1339 2452 v·
1365 2418 1431 2452 299
1457 2424 1493 2452 et
1515 2428 1588 2462 seq.

611 2475 692 2519 „Nil
719 2485 838 2519 prece,
862 2475 912 2508 nil
937 2476 1065 2519 pretio,
1089 2475 1140 2508 nil
1165 2476 1290 2510 militia
1314 2476 1446 2509 fractus
1472 2476 1602 2519 agebat

612 2533 771 2575 „Aetius
821 2532 935 2576 Capto
960 2536 1134 2565 terrarum
1162 2533 1294 2566 damna
1317 2534 1489 2576 patebant

610 2589 780 2632 „Lit01·i0.
829 2589 868 2622 In
893 2588 1110 2622 Rhodanum
1136 2590 1300 2633 proprios
1324 2588 1524 2632 producere
1548 2588 1635 2620 fines

614 2645 892 2689 „Theudoridae
917 2646 1039 2688 fixum,
1065 2656 1131 2678 nec
1156 2650 1234 2679 erat
1256 2655 1418 2690 pugnare
1443 2654 1601 2684 necesse,

614 2701 709 2745 „Sed
734 2702 891 2745 migrare
917 2701 1015 2735 Getis
1040 2726 1049 2734 .
1076 2727 1083 2733 .
1110 2727 1118 2735 .
1145 2727 1153 2734 .

613 2758 832 2800 „Postquam
856 2757 1016 2801 undique
1040 2758 1179 2791 nullum

616 2813 876 2857 „Praesidium‚
903 2813 1126 2858 ducibusque
1151 2815 1219 2847 tuis
1244 2814 1305 2855 nil,
1330 2814 1457 2854 Roma,
1481 2813 1644 2845 relictum
1670 2818 1735 2855 cst,

611 2869 793 2913 ‚,Foedus,
817 2871 935 2913 Avite,
959 2880 1090 2914 novas;
1115 2881 1262 2904 saevum
1287 2875 1347 2903 tua
1371 2870 1504 2913 pagina
1527 2879 1654 2912 regem

614 2925 745 2969 „Lecta
770 2925 910 2969 domat3
929 2927 1079 2970 jussisse
1103 2930 1158 2959 sat
1183 2930 1237 2960 est
1259 2930 1306 2969 te,
1331 2925 1429 2969 quod
1454 2929 1559 2969 rogat
1584 2927 1717 2959 orbis.“

482 2983 515 3023 ²)
540 2977 758 3015 ef.'ldatius:
794 2981 916 3024 „Inter
952 2981 1136 3015 Romanos
1172 2986 1207 3015 et
1243 2981 1381 3015 Gothos
1418 2992 1491 3025 pax
1527 2982 1712 3015 efficitur.“
1753 3004 1786 3007 m
1829 2984 1951 3018 Isidor.

412 3038 547 3083 Hispal.
572 3037 728 3072 chronic.
