1924 3148
929 149 977 190 31

186 293 378 333 dientem
409 286 690 340 imperatoris
728 297 855 326 more
885 285 1088 339 regebat)
1127 285 1400 338 reipublicae
1429 285 1730 337 perniciosam

185 370 297 400 esse.
356 356 582 396 Summam
622 355 887 405 potestatem
924 363 1083 401 revera
1112 363 1203 393 non
1243 354 1331 392 tam
1363 362 1503 405 penes
1540 351 1729 405 impera-

184 430 338 475 torem,
371 433 503 474 quam
535 420 681 472 potius
711 413 852 472 penes
873 418 1050 459 Aetium
1082 419 1218 460 fuisse
1249 419 1474 473 probatur,
1505 422 1551 459 ut
1581 430 1730 459 exem-

183 491 304 545 plum
336 488 531 534 afferam,
570 486 795 545 legatione
824 485 913 538 illa,
946 498 1062 540 quae
1092 498 1212 528 anno
1250 485 1329 525 431
1363 498 1391 526 a
1421 485 1641 527 Gallaecia
1673 484 1727 526 ad

184 568 287 598 eum
315 555 453 596 missa
483 557 562 607 est,
593 557 637 594 et
666 554 791 607 cujus
811 554 1020 607 princeps
1051 557 1146 595 erat
1166 553 1544 607 Chronographus
1563 553 1728 606 Italius,

185 623 421 677 episcopus
441 620 783 674 Lemiciensis.¹)
841 620 1001 674 Populi
1030 621 1162 674 igitur
1180 618 1377 661 maxime
1393 620 1552 662 remoti
1582 631 1729 673 opem,

184 702 318 743 quam
348 689 522 729 Romae
552 689 714 728 frustra
742 687 1054 740 implorabant,
1091 688 1138 727 in
1169 687 1292 728 ducis
1321 687 1439 727 illius
1470 687 1624 728 castris
1654 698 1727 740 pe-

186 755 365 798 tendam
396 767 497 796 esse
527 755 754 809 putabant.

267 823 421 864 Aetius
454 822 634 876 quidem
664 822 914 863 fortissimis
947 822 1167 863 Gallaecis
1199 825 1356 863 contra
1386 822 1557 862 Suevos
1589 833 1723 874 opem

182 893 299 932 ferre
329 902 420 931 non
449 892 633 943 poterat,
665 892 859 931 attamen
876 888 1140 932 Censorium
1171 890 1380 933 comitem
1410 889 1530 930 misit
1558 889 1603 930 in
1627 889 1728 930 Gal-

182 958 384 1011 laeciam,
415 957 490 998 ubi
519 969 601 1010 pro
620 958 713 1011 ejus
729 958 989 1011 provinciae
1004 958 1161 999 incolis
1182 958 1397 999 Romanis
1427 957 1727 997 interveniret.

181 1025 309 1066 Hanc
337 1024 584 1078 potentiam
612 1027 786 1078 partam
808 1024 999 1078 augebat
1028 1024 1159 1066 etiam
1191 1037 1309 1067 anno
1340 1023 1436 1078 43⁶2,
1467 1037 1603 1078 quum
1624 1036 1727 1065 con-

183 1092 350 1132 sulatus
381 1091 638 1144 dignitatem
670 1091 1001 1145 adipisceretur.
1091 1092 1093 1094 ’

266 1158 324 1199 At
365 1161 456 1199 tum
495 1157 692 1199 Placidia
730 1159 824 1212 ejus
869 1159 1098 1212 potentiae
1137 1162 1181 1200 et
1218 1158 1501 1212 arrogantiae
1548 1158 1726 1199 obviam

185 1225 379 1266 eundum
418 1237 518 1266 esse
555 1226 751 1279 putabat.
812 1226 977 1280 Quanti
1021 1239 1128 1268 vero
1166 1226 1353 1267 haberet
1395 1225 1627 1266 victoriam
1672 1224 1728 1265 de

183 1292 320 1333 milite
350 1292 426 1333 illo
458 1295 766 1346 praepotente,
797 1293 931 1346 plane
963 1293 1167 1347 ostendit,
1200 1306 1336 1347 quum
1357 1292 1550 1333 Africam
1581 1292 1728 1345 potius

185 1359 324 1412 copiis
355 1360 533 1412 privare
562 1360 709 1413 vellet,
750 1372 996 1414 omnesque
1035 1361 1181 1412 urbes,
1219 1359 1489 1413 Carthagine
1527 1363 1571 1400 et
1609 1359 1730 1400 Cirta

184 1427 396 1479 exceptis,
428 1426 627 1467 barbaris
659 1426 833 1480 cedere,
864 1439 1081 1480 persuasa
1101 1428 1197 1468 sine
1229 1426 1377 1480 dubio,
1409 1427 1459 1480 si,
1490 1426 1621 1467 Aetio
1654 1425 1727 1466 de-

183 1493 312 1546 victo,
345 1505 500 1534 omnes
516 1492 690 1546 imperii
709 1505 818 1546 opes
834 1506 974 1547 penes
1005 1507 1141 1534 unum
1157 1494 1383 1534 hominem
1415 1496 1576 1544 essent,
1608 1505 1727 1533 eum-

184 1571 270 1613 que
300 1559 384 1601 sibi
405 1559 642 1614 addictum,
674 1572 774 1602 sese
799 1573 950 1602 rursus
983 1561 1028 1602 in
1053 1561 1204 1602 Africa
1231 1561 1373 1602 Marte
1403 1561 1579 1601 favente
1609 1560 1727 1614 gavi-

184 1639 332 1668 suram
365 1639 477 1669 esse.
538 1628 714 1668 Aetium
760 1628 892 1681 igitur
921 1627 1134 1668 Vandalis
1177 1625 1285 1682 ipsis
1322 1628 1536 1680 maiorem
1569 1628 1727 1682 magis-

183 1706 269 1747 que
299 1694 600 1748 periculosum
632 1695 804 1737 hostem
836 1695 1110 1736 aestimabat.
1171 1694 1271 1749 Qua
1299 1695 1501 1736 ratione?
1530 1696 1727 1736 Venerat

184 1762 372 1802 fortasse
400 1762 474 1802 ille
500 1762 545 1802 in
571 1762 872 1815 suspicionem
902 1774 1049 1803 rerum
1082 1763 1329 1804 novarum?
1358 1761 1616 1802 Timebatur
1632 1763 1727 1815 ejus

183 1828 386 1882 defectio,
427 1832 475 1870 ut
503 1830 720 1870 Bonifacii
750 1830 1002 1883 exemplum
1035 1834 1212 1870 secutus
1248 1830 1292 1869 in
1326 1829 1470 1870 Gallia
1500 1833 1543 1870 et
1571 1829 1728 1882 Hispa-

182 1894 295 1946 nia2)
327 1896 410 1936 sibi
439 1908 627 1950 regnum
643 1898 847 1950 pararet?
876 1897 965 1937 Aut
992 1896 1338 1950 indignabantur
1369 1898 1535 1936 tantum
1552 1896 1725 1937 Romae

183 1961 238 2002 de
269 1962 384 2003 Astii
413 1964 613 2017 potentia
643 1967 686 2004 et
716 1964 1004 2005 auctoritate?

263 2029 315 2069 In
346 2030 425 2070 has
457 2031 743 2084 quaestiones
775 2031 812 2070 si
842 2042 1112 2084 responsum
1144 2029 1288 2082 dares,
1320 2029 1530 2071 historiae
1563 2030 1726 2071 Gotho-

182 2108 278 2136 rum
310 2097 522 2138 tenebrae
544 2097 852 2139 clarescerent.
912 2097 1026 2139 Nam
1047 2096 1315 2139 Theoderici
1334 2101 1409 2138 aut
1439 2097 1632 2138 amicitia
1652 2100 1728 2138 aut

182 2163 397 2204 hostilitas
442 2165 637 2206 maxime
681 2165 866 2206 influere
912 2176 1098 2206 necesse
1137 2168 1232 2206 erat
1275 2165 1318 2205 in
1364 2165 1479 2206 Aetii
1526 2164 1724 2205 consilia.

183 2229 396 2283 Quamvis
417 2244 625 2285 magnam
658 2232 845 2286 gloriam
865 2235 1068 2285 parasset
1096 2232 1290 2273 victoriis
1322 2231 1378 2273 de
1407 2231 1608 2273 barbaris
1627 2232 1727 2273 Gal-

180 2295 284 2336 liam
322 2284 648 2351 invadentibus,
696 2299 898 2352 quamvis
938 2311 1146 2353 magnum
1189 2303 1233 2340 et
1268 2298 1446 2340 fidelem
1485 2299 1726 2340 exercitum

182 2362 378 2417 haberet,
410 2366 612 2418 quamvis
644 2365 837 2419 denique
862 2366 1093 2408 Gallorum
1122 2365 1296 2408 indoles
1328 2366 1503 2408 mobilis
1535 2371 1578 2408 et
1608 2367 1724 2408 exci-

181 2432 271 2470 tata
301 2434 344 2472 et
373 2443 590 2474 novarum
612 2445 758 2474 rerum
791 2433 953 2487 cupida
973 2433 1206 2475 consilium
1237 2435 1361 2476 fortis
1392 2438 1435 2475 et
1465 2434 1572 2475 clari
1603 2435 1726 2475 ducis

183 2496 387 2548 adjutura
418 2503 547 2553 esset,
579 2501 675 2541 sine
703 2501 947 2542 Gothorum
980 2513 1167 2542 assensu
1199 2502 1350 2542 omnia
1377 2503 1501 2542 irrita
1529 2502 1726 2542 fuissent.

182 2562 276 2603 Nec
317 2565 462 2606 minus
493 2567 717 2609 Placidiae
752 2568 1005 2609 interfuisse
1040 2571 1162 2621 puto,
1202 2573 1248 2609 ut
1277 2568 1606 2610 Theodoricum
1644 2568 1728 2609 sibi

182 2631 448 2676 conciliaret.
510 2633 643 2688 Quod
674 2635 715 2676 ei
752 2635 894 2689 magis
925 2635 1162 2689 coniigisse
1191 2634 1378 2689 videtur,
1419 2648 1552 2690 quam
1582 2636 1727 2678 Aetio.

259 2786 284 2828 ¹)
312 2788 443 2823 idatius
468 2791 513 2824 ad
538 2791 633 2826 hunc
658 2804 804 2828 annum.

253 2843 281 2883 ²)
307 2843 521 2880 Censorium
546 2847 725 2884 Comitem
764 2852 809 2885 ab
836 2861 880 2886 eo
906 2853 941 2885 in
966 2851 1175 2896 Hispaniam
1212 2852 1372 2896 legatum
1407 2853 1551 2885 missum
1589 2861 1667 2885 esse
1691 2853 1727 2884 in

182 2901 396 2934 memoriam
422 2913 567 2940 revoco.
