1924 3148
800 865 1138 928 Vita.

297 1223 505 1265 Clemens
554 1224 775 1277 Augustus
819 1225 1058 1276 Volmer,
1102 1222 1206 1265 fidei
1252 1226 1496 1266 catholicae
1541 1226 1754 1279 addictus,

212 1294 340 1332 natus
371 1303 469 1331 sum
500 1289 743 1345 Oeldenae,
773 1292 818 1332 in
850 1291 1120 1334 Guestfaliae
1150 1292 1273 1344 urbe,
1304 1304 1421 1333 anno
1444 1293 1485 1334 h.
1507 1304 1540 1332 s.
1560 1293 1756 1334 XXXIX

212 1362 338 1410 patre
371 1357 547 1410 Carolo,
580 1362 720 1399 matre
750 1358 946 1399 Antonia
976 1370 1002 1399 e
1031 1361 1163 1410 gente
1194 1358 1359 1410 Speith,
1399 1371 1511 1412 quos
1543 1360 1619 1399 diu
1649 1361 1755 1400 mihi

215 1427 450 1465 conservet
477 1424 724 1465 incolumes
756 1424 865 1465 deus
897 1437 937 1466 o.
1085 1424 1325 1477 Postquam
1365 1425 1608 1466 litterarum
1637 1426 1755 1467 rudi-

212 1496 364 1532 menta
407 1492 451 1531 in
493 1490 599 1532 ludo
629 1491 808 1544 publico
852 1437 1194 1599 idienN
1208 1490 1338 1533 docto
1370 1493 1481 1533 Hast
1518 1493 1651 1533 etiam
1682 1506 1753 1535 ve-

212 1562 353 1598 terum
399 1559 649 1612 linguarum
691 1559 920 1599 elementis
957 1558 1127 1599 institut
1190 1570 1332 1611 sum,
1377 1559 1432 1599 ad
1472 1561 1753 1613 gymnasium

213 1625 574 1667 Theodosianum
605 1625 987 1678 Paderbornense,
1041 1624 1161 1678 quod
1191 1626 1443 1666 etiamnunc
1483 1626 1755 1669 Ahlemeieri

214 1693 424 1745 auspiciis
455 1692 594 1744 floret,
625 1693 806 1733 accessi.

298 1758 468 1800 Octavo
499 1758 672 1800 decimo
699 1760 853 1800 aetatis
876 1772 994 1801 anno
1025 1759 1325 1800 testimonium
1356 1760 1616 1800 maturitatis
1652 1761 1754 1802 ade-

212 1829 312 1880 ptus
343 1826 424 1866 sub
455 1826 735 1867 auctumnale
765 1830 938 1880 tempus
969 1826 1074 1866 anni
1105 1827 1144 1866 h.
1163 1838 1196 1866 s.
1212 1826 1331 1865 LVII
1361 1825 1417 1866 ad
1446 1827 1561 1867 hanc
1591 1828 1754 1869 almam

211 1892 468 1933 Viadrinam
499 1896 686 1933 matrem
718 1905 789 1933 me
819 1893 997 1944 contuli,
1038 1892 1112 1932 ubi
1143 1904 1170 1932 a
1201 1892 1249 1932 V.
1281 1892 1346 1932 Ill.
1379 1893 1607 1945 Elvenich,
1649 1899 1752 1935 tunc

212 1961 356 2010 fasces
388 1958 670 2000 academicos
701 1963 894 2012 tenente,
938 1960 1052 1999 inter
1083 1959 1201 1999 cives
1240 1957 1519 1999 academicos
1549 1965 1754 2014 receptus

212 2038 378 2068 nomen
409 2025 511 2067 dedi
542 2025 661 2080 apud
692 2027 743 2067 V.
774 2026 839 2067 Ill.
871 2026 1065 2081 Loewig.

296 2094 402 2135 Tria
430 2097 533 2147 post
562 2094 794 2134 semestria
823 2094 1113 2148 commigravi
1142 2094 1422 2146 Monachum,
1453 2094 1528 2134 ubi
1559 2107 1586 2134 a
1616 2095 1666 2135 V.
1688 2095 1754 2136 Ill.

212 2161 365 2203 Poetzl
406 2161 521 2202 inter
565 2161 683 2202 cives
730 2160 988 2202 academiae
1030 2165 1235 2215 receptus
1280 2173 1390 2202 sum.
1462 2161 1611 2201 Unum
1656 2166 1757 2215 post

214 2231 442 2279 semestre,
473 2240 608 2281 quum
632 2228 725 2280 Jam
745 2228 1052 2281 intelligerem,
1074 2228 1301 2268 scientiam
1321 2227 1565 2267 litterarum
1584 2227 1757 2269 franco-

214 2294 471 2349 gallicarum
508 2294 788 2335 utilissimam
825 2294 932 2334 mihi
962 2295 1071 2347 fore,
1117 2297 1249 2346 atque
1287 2305 1531 2345 censerem,
1575 2293 1620 2333 id
1650 2295 1757 2334 mihi

214 2361 380 2415 optime
410 2361 668 2415 contingere
698 2372 845 2414 posse,
886 2360 923 2400 si
951 2372 1024 2401 me
1055 2361 1305 2401 conferrem
1334 2360 1379 2400 in
1409 2360 1756 2415 universitatem,

214 2440 329 2482 quae
358 2428 529 2469 Lovani
558 2428 698 2480 floret,
736 2431 780 2469 et
807 2428 893 2469 hoc
922 2428 1069 2481 ipsum
1099 2428 1185 2469 feci
1223 2431 1267 2468 et
1296 2440 1323 2468 a
1352 2428 1403 2468 V.
1434 2427 1500 2468 Ill.
1541 2428 1611 2468 De
1640 2428 1757 2469 Ram

214 2496 376 2537 civium
396 2494 755 2537 academicorum
774 2507 963 2537 numero
981 2494 1226 2548 adscriptus
1248 2506 1358 2535 sum.
1418 2494 1550 2536 Anno
1573 2500 1754 2548 peracto

213 2563 260 2604 in
288 2562 478 2616 patriam
521 2561 646 2615 redii,
683 2563 727 2603 in
760 2563 883 2615 cujus
914 2563 1046 2603 etiam
1085 2561 1315 2603 academia
1343 2562 1686 2602 Monasteriensi
1717 2566 1761 2603 et

213 2618 501 2671 universitate
537 2629 816 2670 Berolinensi
861 2629 1083 2683 singulum
1128 2632 1342 2669 semestre
1380 2627 1535 2668 studiis
1576 2640 1760 2682 operam

213 2696 395 2737 navavi:
427 2695 603 2736 Deinde
625 2695 936 2736 Vratislaviam
955 2706 1175 2746 reversus,
1205 2694 1367 2735 iterum
1386 2695 1432 2734 in
1464 2695 1628 2735 civium
1659 2706 1757 2735 aca-

216 2762 492 2803 demicorum
513 2773 744 2802 numerum
776 2765 982 2815 receptus
1014 2774 1041 2802 a
1060 2762 1112 2802 V.
1133 2761 1196 2804 Ill.
1219 2762 1329 2803 Rev.
1352 2761 1564 2814 Semisch,
1594 2773 1758 2803 nomen

217 2828 320 2870 dedi
350 2827 469 2882 apud
497 2828 550 2869 V.
580 2828 645 2869 Ill.
676 2828 837 2869 Haase.
