1924 3148
947 70 974 112 8

113 216 117 222 ’
185 209 416 259 cuparant,
447 205 621 247 Waliae
652 207 878 256 successit,
909 219 938 248 a
956 207 1122 261 populo
1145 207 1374 263 electus.¹)
1414 208 1588 249 Primos
1607 207 1734 261 regni

186 284 332 316 annos
353 285 436 316 rex
453 274 632 328 juvenis
665 273 927 325 enitebatur,
965 277 1013 316 ut
1042 276 1322 328 promiscuas
1353 276 1660 319 Romanorum
1691 278 1735 315 et

186 339 433 381 Gothorum
466 340 745 382 conditiones
784 341 1085 394 constitueret,
1123 342 1196 383 vel
1233 346 1524 397 componeret
1560 344 1734 383 contro·

184 406 355 448 versias
386 406 443 448 de
473 407 591 461 agris
629 406 879 448 dividendis
917 411 1050 449 ortas.
1108 408 1267 462 Itaque
1305 421 1492 450 necesse
1529 412 1597 450 est
1631 419 1732 461 pro-

183 473 285 527 pius
314 473 554 528 inquirere,
599 486 689 528 qua
725 474 899 516 ratione
937 478 1084 516 terrae
1112 475 1229 517 inter
1258 475 1456 517 advenas
1487 478 1532 517 et
1559 477 1733 516 veteres

183 540 357 582 incolas
395 540 565 581 divisae
602 539 752 592 sint.²)
828 541 1053 595 Imprimis
1093 545 1242 583 autem
1281 542 1613 585 admonendum
1653 544 1733 594 est,

187 606 357 650 Gothos
388 620 553 650 novam
580 608 770 662 patriam
800 608 1004 660 intrasse,
1034 621 1128 651 non
1158 613 1206 651 ut
1233 610 1399 665 hostes,
1429 609 1509 652 sed
1538 612 1586 651 ut
1606 620 1733 650 exer·

186 674 298 716 citus
329 675 457 729 quasi
487 675 721 729 emeritus,
767 676 839 717 cui
868 688 896 716 a
925 675 1122 718 Caesare
1151 680 1296 718 terrae
1327 678 1579 732 assignatae
1609 679 1734 717 erant

183 744 232 782 ut
259 742 509 795 praemium
540 742 724 784 virtutis.
794 742 940 797 Quam
970 744 1127 798 populi
1158 744 1333 786 Gothici
1363 747 1565 785 naturam
1597 743 1732 795 (dico,
1777 788 1786 798 ,

185 821 286 850 eum
318 810 562 850 exercitum
593 810 730 867 fuisse
761 811 953 851 amicum
975 811 1319 864 emeritumque)
1341 823 1569 864 nunquam
1592 810 1731 850 dimit-

183 878 278 917 tere
316 875 467 930 debeS,
513 877 551 918 si
589 876 769 931 quidem
809 877 1090 920 conditiones
1128 878 1436 920 Romanorum
1468 877 1732 920 Gothorum-

184 955 272 996 que
302 944 422 985 clare
450 946 709 998 perspicere
739 943 871 994 vis.³)

269 1009 401 1065 Quod
421 1012 615 1065 pertinet
636 1011 693 1053 ad
714 1011 1039 1053 multitudinem
1064 1009 1274 1066 agrorum
1290 1011 1592 1054 cedendorum
1608 1011 1731 1065 leges

180 1078 529 1131 Wisigothorum
552 1079 756 1132 probant,
785 1079 1017 1119 Romanos
1049 1078 1159 1119 duas
1180 1079 1331 1119 tertias
1352 1082 1501 1132 partes
1523 1090 1732 1132 agrorum

183 1144 402 1187 cultorum
425 1145 611 1188 advenis
632 1146 880 1194 tradidisse,
902 1158 1051 1200 neque
1072 1147 1136 1188 eis
1156 1146 1347 1199 licuisse,
1369 1146 1467 1200 plus
1495 1159 1627 1200 quam
1649 1150 1731 1187 ter-

182 1212 288 1253 tiam
318 1213 578 1265 retinere.⁴)
1630 1221 1634 1225 ’

267 1279 357 1321 Sed
394 1293 504 1321 cave
540 1283 683 1334 putes,
722 1281 893 1322 Gothos
932 1281 1158 1334 extemplo
1197 1281 1429 1322 universos
1468 1292 1600 1334 agros
1639 1279 1731 1320 dili-

180 1350 337 1401 genter
367 1350 411 1388 et
439 1351 647 1388 accurate
677 1359 858 1389 mensos
890 1359 1003 1401 esse,
1042 1347 1204 1389 deinde
1228 1349 1290 1388 ita
1318 1347 1534 1401 divisisse,
1567 1350 1613 1388 ut
1641 1347 1730 1389 Ro-

179 1415 302 1455 mani
332 1416 519 1467 tertiam,
561 1416 694 1456 Gothi
732 1415 843 1455 duas
883 1415 1033 1455 tertias
1070 1418 1220 1468 partes
1256 1414 1551 1468 possiderent.
1610 1413 1731 1454 Talis

179 1493 393 1522 mensura
428 1485 472 1522 et
510 1481 669 1524 divisio
708 1481 1005 1535 plurimorum
1035 1481 1270 1535 mensium,
1314 1481 1451 1523 immo
1492 1481 1625 1522 etiam
1656 1493 1730 1522 an-

179 1562 339 1590 norum
378 1550 555 1596 fuisset3
601 1549 720 1589 unde
759 1552 906 1589 autem
948 1549 1197 1601 potuissent
1235 1548 1438 1589 advenae
1482 1552 1731 1589 sustentare

255 1698 289 1738 ¹)
316 1694 371 1729 Cf.
397 1694 605 1739 Olympiod.
632 1695 819 1739 (Bouquet
843 1695 945 1729 Tom.
961 1695 1003 1738 1.)
1029 1695 1107 1728 Isid.
1136 1695 1268 1739 Hispal.
1294 1694 1405 1729 chron
1443 1694 1549 1729 Goth.
1573 1713 1619 1719 —
1652 1694 1730 1729 Jor-

178 1751 317 1786 nandes
342 1763 372 1786 c.
397 1751 442 1787 33
466 1752 558 1786 mira
589 1751 767 1797 quaedam
794 1756 917 1787 narrat
947 1752 993 1787 de
1019 1752 1322 1798 ostrogothorum
1347 1752 1557 1786 Berimumli
1577 1752 1730 1787 evwiti-

178 1809 268 1843 richi
292 1809 453 1844 adventu
478 1811 513 1844 in
538 1809 770 1854 Aquitaniam
789 1820 989 1854 eorumque
1006 1821 1088 1844 sera
1103 1812 1207 1855 regni
1224 1819 1299 1852 spe.
1333 1809 1556 1844 ‹lornandem
1574 1810 1663 1843 haec
1681 1810 1730 1851 in,-

178 1867 324 1900 venisse
348 1867 480 1910 probat
504 1865 656 1901 Carolus
680 1866 848 1901 Schirren
874 1867 938 1908 (de
964 1868 1115 1910 ratione,
1140 1877 1234 1912 quae
1259 1868 1353 1900 inter
1375 1865 1573 1900 ‚Jordanem
1595 1870 1632 1900 et
1647 1865 1730 1900 Cas·

177 1923 377 1958 siodorium
401 1923 613 1965 intercedat,
645 1924 782 1957 dissert.
837 1924 989 1968 Dorpati
1020 1923 1105 1959 1858
1130 1924 1239 1968 p.7·2)
1266 1943 1309 1949 —-—
1335 1923 1538 1958 Gibbonius
1563 1923 1668 1964 (Hist.
1692 1924 1735 1956 of

177 1979 240 2013 the
264 1980 407 2013 delcine
431 1980 503 2013 and
528 1980 591 2013 sall
615 1981 657 2014 of
677 1980 738 2014 the
763 1991 890 2016 roman
907 1981 1035 2024 impire
1049 1979 1227 2023 CXXXI.)
1242 1980 1343 2024 dixit,
1363 1980 1630 2015 Theodericum
1646 1978 1731 2013 Ala-

176 2037 242 2068 rici
266 2036 378 2069 filium
404 2037 525 2078 fuisse,
549 2036 688 2070 Sidonii
711 2038 789 2069 sine
815 2037 925 2070 dubio
950 2037 1114 2070 versibus
1139 2038 1248 2078 nisus,
1272 2038 1333 2080 qui
1358 2036 1539 2070 Alaricum
1560 2035 1729 2069 Theodo-

175 2093 239 2126 rici
264 2092 414 2126 secundi
440 2104 548 2126 avum
573 2093 743 2136 appellat.
816 2093 1008 2137 ‹Panegry.
1033 2092 1129 2127 Avit.
1156 2103 1248 2126 vei-s.
1272 2093 1339 2127 505
1367 2098 1404 2126 et
1429 2092 1526 2135 506.)
1560 2093 1632 2126 Sed
1657 2093 1729 2126 for-

176 2154 272 2182 tasse
296 2149 481 2184 Theodor.
507 2149 687 2182 secundus
713 2159 733 2182 e
752 2149 823 2182 filia
842 2149 976 2182 Alarici
1002 2156 1104 2183 natus
1123 2154 1215 2193 erat,
1241 2150 1392 2183 sortasse
1417 2150 1525 2183 etiam
1551 2153 1657 2193 poeta
1673 2159 1729 2182 su-

176 2206 359 2249 periorem
384 2209 523 2239 tantum
549 2216 674 2249 regem
702 2206 855 2249 intelligi
881 2205 965 2239 vult.
1015 2206 1139 2249 ltaque
1166 2206 1254 2239 haec
1280 2207 1442 2250 quaestio
1467 2207 1503 2239 in
1528 2206 1649 2240 medio
1674 2217 1728 2239 re-

174 2262 384 2305 linquenda.

248 2321 286 2362 ⁹³)
312 2318 367 2353 Cf.
393 2319 532 2363 Gaupp.
582 2319 651 2353 Die
684 2319 958 2364 germanischen
985 2319 1285 2364 Ansiedelungen
1317 2319 1390 2352 und
1415 2319 1728 2362 Landtheilungen

174 2376 209 2408 in
237 2375 308 2408 den
335 2376 532 2409 Provinzen
561 2375 625 2409 des
649 2375 854 2409 romischen
882 2375 1151 2408 West-Reiches
1175 2378 1194 2416 ᾖ
1219 2375 1259 2408 51
1289 2376 1322 2407 sf.

248 2431 283 2473 ⁸)
309 2431 388 2465 Isid.
415 2431 524 2476 Hesp.
552 2432 675 2466 chron.
702 2431 808 2465 Goth.
836 2431 945 2474 „data
969 2430 1096 2466 Gothis
1127 2431 1397 2466 obmcritum
1429 2431 1656 2465 victoriae
1681 2430 1728 2463 ad

172 2489 409 2522 habitandum
435 2489 604 2522 secunda.
620 2489 848 2532 Aquitania.“

244 2546 279 2586 ⁴)
305 2544 421 2588 Leges
439 2544 629 2588 Wisigoth.
644 2544 678 2577 L.
695 2544 736 2579 X.
764 2544 845 2577 tit.l
875 2544 934 2577 lex
959 2543 991 2579 8.
1023 2544 1123 2588 „Nec
1148 2537 1194 2578 de
1219 2543 1392 2578 duabus
1417 2542 1625 2587 partibus
1651 2542 1727 2577 Go-

171 2602 237 2635 thi
267 2601 401 2646 aliquid
441 2601 509 2635 sibi
541 2601 726 2635 Romanus
758 2604 965 2646 praesumat
995 2607 1057 2635 aut
1086 2601 1259 2635 vindicet:
1320 2605 1381 2635 aut
1409 2600 1461 2634 de
1486 2602 1624 2635 tertia
1654 2601 1727 2635 Ro-

173 2660 290 2691 mani
305 2658 444 2691 Gothus
471 2658 540 2691 sibi
565 2658 697 2690 audeat
721 2658 856 2702 aliquid
873 2668 1047 2701 usurpare
1066 2662 1127 2691 aut
1142 2658 1361 2691 vindicaref·
1397 2657 1601 2691 Vetustiore
1618 2658 1727 2690 etiam

173 2715 385 2748 auctoritate
411 2718 466 2747 est
488 2714 547 2747 hic
573 2715 640 2756 (ex
652 2713 790 2748 Sidonii
806 2714 1024 2757 Apollinaris
1051 2715 1204 2758 epistola
1228 2725 1326 2748 nona
1350 2714 1430 2747 libri
1448 2713 1582 2754 octavi)
1607 2713 1725 2747 locus:

171 2771 360 2815 „Necdum
398 2771 494 2804 cnim
532 2771 724 2814 quicquam
762 2770 807 2803 de
844 2770 1045 2804 hereditate
1076 2771 1133 2804 vel
1166 2772 1201 2804 in
1232 2781 1334 2804 usum
1367 2771 1532 2804 tertiae
1556 2769 1622 2803 sub
1649 2780 1726 2813 pre-

172 2829 223 2862 tio
249 2828 475 2862 mediaetatis
500 2827 675 2862 obtinui.“
724 2825 880 2868 (Sidonii
904 2826 1025 2870 Apoll.
1052 2838 1175 2872 opera,
1201 2827 1257 2861 ed.
1283 2828 1524 2869 mmmm·us.)
