1924 3148
951 66 1004 107 24

182 190 350 246 'rerum
380 205 546 259 potitus
577 206 644 245 est
674 207 718 244 et
746 201 991 244 secundum
1022 199 1247 242 Placidiae
1276 198 1428 239 matris
1459 197 1647 240 consilia
1674 197 1752 237 im-

201 272 374 326 perium
418 283 577 323 regere
607 271 768 324 coepit,
812 269 1120 311 Theodoricus
1150 278 1233 308 rex
1276 265 1414 307 hostis
1444 265 1753 307 Romanorum

201 339 378 381 exstitit.
438 337 637 380 Placidia
682 339 871 380 fortasse
902 349 957 379 ea
987 336 1221 391 promissa,
1268 333 1426 388 quibus
1457 332 1663 375 Castinus
1710 334 1754 371 et

199 406 430 448 Johannes
460 406 578 460 regis
602 406 839 446 amicitiam
863 404 1054 445 assecuti
1074 404 1263 455 fuerant,
1293 401 1565 455 neglexerat,
1596 397 1753 440 victori

202 485 283 513 suo
315 473 529 513 exercitui
559 473 652 513 fisa.

287 538 389 594 Qua
419 539 476 580 de
521 552 658 581 causa
685 538 1010 581 Theodoricius
1039 538 1190 588 iratuS,
1238 536 1435 578 exercitu
1480 534 1754 586 comperato,

201 605 366 646 bellum
400 607 593 647 minatus
632 618 733 648 esse
772 606 959 647 videtur.
1020 603 1277 647 Obveniunt
1305 601 1512 654 Romani,
1549 599 1672 654 pacis
1711 601 1755 639 et

203 673 425 713 amicitiae
455 673 735 715 conditiones
768 673 1026 717 offerentes;
1064 672 1223 725 quibus
1253 669 1468 711 recusatis
1499 668 1597 720 (rex
1635 666 1753 706 enim

202 751 362 793 pacem
392 751 574 781 servare
604 740 801 793 nolebat,
831 740 915 780 nisi
947 752 1002 780 ea
1018 738 1289 791 conditione,
1320 739 1366 777 ut
1394 737 1505 777 fines
1536 733 1663 788 regni
1693 731 1753 773 di-

201 807 461 860 latarentur)
496 808 743 849 Gothorum
784 808 1005 849 exercitus
1043 808 1155 847 fines
1193 810 1496 857 transgressus
1528 801 1752 842 Arelatem

202 874 358 915 urbem
392 874 627 916 obsidione
659 886 865 928 premere
894 874 1048 928 incipit
1078 885 1196 914 anno
1228 870 1362 922 425.¹)

289 941 405 982 Urbs
426 941 702 983 Arelatensis
734 946 826 982 tum
842 942 1055 995 temporis
1072 939 1351 981 nobilissima
1380 939 1474 978 erat
1503 936 1635 977 totius
1654 934 1753 976 Gal-

202 1008 303 1048 liae.
363 1010 403 1048 A
434 1008 728 1050 Constantino
759 1010 1031 1062 imperatore
1066 1007 1253 1060 insignis
1285 1004 1459 1045 reddita
1495 1006 1562 1043 est
1591 1013 1754 1055 cogno-

203 1075 323 1116 mine
354 1074 741 1127 Constantinae.·²)
801 1076 1052 1129 Imperator
1080 1074 1307 1116 Honorius
1353 1083 1470 1112 anno
1502 1068 1585 1109 418
1628 1080 1754 1122 prae-

203 1146 398 1195 ceperat,
441 1147 489 1183 ut
519 1155 573 1184 eo
607 1144 846 1196 quotannis
876 1146 990 1184 stato
1021 1146 1225 1195 tempore
1263 1138 1425 1179 summi
1454 1140 1623 1191 septem
1657 1147 1755 1189 pro-

205 1208 452 1250 vinciarum
482 1210 766 1263 magistratus
813 1214 857 1251 et
886 1222 1094 1263 agrorum
1126 1218 1413 1262 possessores
1451 1204 1755 1253 convenirent,

203 1276 274 1315 vel
305 1276 477 1329 legatos
509 1277 745 1328 mitterent,
777 1277 852 1330 qui
883 1276 938 1316 de
963 1277 1097 1317 rebus
1128 1275 1185 1315 ad
1216 1275 1402 1315 salutem
1425 1270 1755 1325 provinciarum

204 1341 498 1396 suscipiendis
530 1344 830 1385 consulerent.
892 1343 973 1384 llla
993 1342 1276 1396 imperatoris
1307 1338 1621 1382 constitutione
1650 1336 1756 1375 urbs

205 1410 479 1450 Arelatensis
511 1411 695 1451 summis
716 1410 923 1451 laudibus
960 1410 1149 1451 effertur.
1211 1408 1358 1463 Quum
1390 1419 1446 1447 ex
1475 1402 1756 1459 imperatoris

204 1477 352 1518 verbis
384 1478 552 1531 optime
602 1478 725 1519 urbis
758 1481 1032 1519 momentum
1065 1481 1375 1531 cognoscatur,
1415 1472 1654 1514 nonnullos
1700 1482 1756 1511 ex

207 1557 262 1585 ea
291 1545 417 1586 locos
450 1545 744 1599 subjiciam.³)

290 1613 516 1665 „Maxime
533 1616 832 1666 opportunum
856 1616 899 1653 et
915 1612 1195 1654 conducibile
1219 1610 1485 1663 judicamus,
1515 1610 1563 1647 ut
1582 1607 1759 1646 servata

205 1679 393 1732 posthac
425 1680 552 1720 annis
584 1679 768 1733 singulis
801 1679 1136 1730 consuetudine,
1182 1678 1419 1719 constituto
1450 1678 1666 1727 tempore,
1710 1672 1757 1711 in

205 1746 564 1800 Metropolitana,
610 1746 655 1786 id
696 1750 763 1787 est
799 1747 845 1786 in
885 1746 1137 1787 Arelatensi
1168 1745 1291 1796 urbe,
1335 1742 1550 1796 incipiant
1586 1742 1758 1793 septem

206 1814 468 1866 provinciae
498 1813 667 1854 habere
698 1814 950 1856 concilium.
1014 1843 1021 1852 .
1057 1845 1064 1852 .
1099 1844 1107 1853 .
1141 1813 1203 1853 Ac
1233 1812 1368 1866 plane
1400 1812 1576 1864 praeter
1606 1817 1757 1848 neces-

207 1880 359 1922 sitates
375 1881 577 1934 publicas
610 1882 743 1922 etiam
765 1882 991 1922 humanae
1020 1879 1104 1934 ipsi
1127 1878 1457 1922 conversationi
1486 1888 1577 1917 non
1601 1887 1756 1928 parum

207 1948 429 1988 credimus
462 1948 790 1990 commoditatis
821 1948 1051 1999 accedere,
1091 1947 1212 2001 quod
1242 1947 1288 1987 in
1319 1943 1613 1987 Constantina
1650 1941 1758 1981 urbe

201 2015 412 2069 jubemus
444 2015 628 2068 singulis
660 2016 789 2056 annis
811 2028 910 2057 esse
941 2015 1193 2056 concilium.
1252 2015 1397 2055 Tanta
1417 2011 1535 2052 enim
1565 2009 1652 2051 loci
1684 2020 1759 2061 op-

208 2082 472 2136 portunitas,
504 2085 627 2123 tanta
643 2086 711 2123 est
740 2083 872 2136 copia
888 2083 1275 2134 commerciorum,
1308 2083 1429 2121 tanta
1448 2078 1536 2118 illic
1559 2077 1760 2129 frequen·

208 2151 268 2189 tia
284 2151 645 2203 commeantium,
677 2153 724 2191 ut
754 2149 964 2203 quicquid
989 2162 1177 2202 usquam
1208 2148 1418 2198 nascitur,
1446 2145 1535 2185 illic
1566 2155 1759 2184 commo-

209 2215 307 2257 dius
338 2216 620 2258 distrahatur.

292 2284 452 2337 Neque
483 2285 601 2325 enim
625 2281 730 2325 ulla'
746 2284 978 2337 provincia
1007 2284 1068 2323 ita
1090 2283 1302 2336 peculiari
1332 2284 1538 2326 felicitate
1559 2287 1760 2329 laetatur,

207 2354 253 2391 ut
286 2363 376 2391 non
408 2351 520 2391 haec
553 2352 732 2404 propria
750 2351 1023 2392 Arelatensis
1054 2350 1139 2391 soli
1169 2350 1377 2391 credatur
1407 2363 1506 2393 esse
1536 2351 1758 2395 foecundi-

280 2485 310 2527 ¹)
338 2486 462 2528 Prosp.
488 2486 608 2529 Aquit.
635 2485 681 2518 ad
709 2485 742 2518 h.
769 2497 799 2517 a.
827 2505 871 2510 —
896 2485 1020 2519 lsidor.
1047 2486 1169 2519 chron.
1197 2484 1323 2519 Gom:
1349 2485 1620 2529 „Theudoricus
1645 2497 1759 2531 regno

207 2543 425 2587 Aquitanico
452 2553 523 2577 non
540 2547 730 2576 contentus
756 2544 854 2586 pacis
870 2543 1056 2577 Romanae
1082 2543 1210 2577 foedus
1227 2548 1379 2587 recusat,
1405 2545 1600 2578 exercituin
1630 2549 1762 2587 movet,

209 2600 394 2633 Arelatem
412 2599 674 2634 nobilissimum
694 2600 867 2644 oppidum
886 2600 1027 2633 (lalliae
1041 2600 1219 2633 obsidem
1235 2612 1276 2624 -ἑ-
1293 2600 1416 2644 Prosp.
1433 2601 1554 2644 Aquit.
1570 2602 1661 2634 lianc
1683 2602 1759 2634 obs·

208 2656 253 2689 ad
268 2667 402 2689 minum
416 2655 483 2689 425
499 2657 618 2689 refert.
667 2652 754 2690 Tiro'
779 2667 875 2690 anno
891 2660 972 2700 post
986 2655 1059 2699 (26)
1077 2656 1260 2690 Arelatem
1287 2656 1477 2691 liberatam
1491 2667 1572 2691 esse
1594 2657 1639 2691 ab
1654 2657 1761 2692 Aetio

208 2714 340 2747 scribit.
358 2713 446 2747 Inde
460 2713 764 2752 concludendum,
783 2724 865 2746 ann.
883 2713 951 2747 425
965 2714 1163 2747 obsidionis
1179 2715 1315 2747 initium
1332 2714 1449 2754 fuisse,
1465 2725 1546 2747 ann.
1561 2713 1628 2747 426
1643 2714 1761 2750 finem.

281 2770 312 2811 ²)
338 2770 481 2803 Mauso:
506 2770 631 2803 Lebcn
656 2768 888 2803 Constantius
914 2769 978 2803 des
1004 2769 1163 2809 Grossen
1190 2781 1222 2813 p.
1249 2770 1316 2804 2³63
1334 2780 1416 2813 seq.

283 2827 312 2866 3)
338 2826 488 2860 Secutus
513 2837 591 2859 sum
618 2826 701 2860 edit.
732 2826 906 2859 Wenckii.
