1924 3148
953 104 1005 145 18

201 252 309 281 non
342 240 589 290 fuerant,
621 244 841 282 constat
870 252 996 281 esse
1027 252 1375 283 communem.
1436 242 1646 297 Quivero
1663 253 1755 283 sor-

202 310 290 348 tem
322 320 449 349 suam
482 311 618 349 totam
652 309 764 349 forte
796 308 1077 361 concluserit,
1110 310 1154 348 et
1183 307 1332 348 aliena
1361 321 1542 361 pascua,
1574 309 1757 351 domino

202 374 403 427 absente,
446 374 629 429 invadit,
674 376 770 416 sine
807 374 1045 429 pascuario
1086 386 1179 416 non
1209 380 1483 430 praesumat,
1527 377 1615 418 nisi
1643 376 1756 418 forte

203 440 412 482 dominus
443 454 639 495 pascuae
670 443 900 483 voluerit.“

288 508 639 551 Concedendum
680 508 859 563 quidem
901 511 981 561 est,
1025 508 1154 562 hujus
1193 507 1305 563 legis
1343 509 1491 551 verbis
1529 509 1756 551 dimidiam

201 588 471 628 pascuorum
504 576 758 629 portionem
796 589 889 617 non
919 576 1068 616 lucide
1097 575 1293 629 probari,
1340 588 1477 629 quum
1506 577 1661 630 possit,
1706 579 1753 617 ut

203 642 350 684 Gotho
382 643 596 696 majorem
616 646 789 696 partem
820 655 1090 697 pascuorum
1123 645 1250 696 septo
1283 642 1559 684 circumdare
1588 643 1755 693 liceret,

201 721 336 762 quam
367 710 588 763 Romano,
618 710 672 750 iis
703 713 874 751 tantum
906 711 1231 761 communibus,
1271 722 1386 764 quae
1418 711 1630 752 conclusa
1660 723 1751 751 non

201 781 348 830 erant,
380 776 459 818 sed
481 789 616 830 quum
649 777 781 818 etiam
803 777 1172 832 Burgundionum
1193 777 1268 818 lex
1283 778 1317 828 ⁸)
1349 777 1633 819 medietatem
1653 789 1752 831 pas-

200 856 386 884 cuorum
416 844 532 885 in'ter
560 845 816 893 Romanum
849 848 893 886 et
925 844 1118 886 Gothum
1151 844 1401 897 constituat,
1442 844 1633 886 dubitari
1661 857 1754 887 non

198 914 358 964 potest,
390 911 497 965 quin
528 911 648 965 apud
681 912 852 954 Gothos
885 923 1066 966 quoque
1097 924 1168 952 res
1199 912 1265 952 ita
1293 923 1343 952 se
1375 911 1592 953 habuerit.

283 994 505 1048 Agrorum
548 995 684 1049 igitur
724 990 943 1037 cultorum
977 995 1110 1037 Gothi
1156 995 1404 1048 poscebant
1448 995 1559 1036 duas
1603 995 1755 1036 tertias

198 1067 362 1114 partes,
407 1062 619 1102 silvarum
654 1066 698 1102 et
742 1074 1010 1115 pascuorum
1059 1061 1302 1102 dimidiam.
1363 1062 1464 1115 Qua
1506 1062 1680 1104 ratione
1716 1062 1754 1101 si

200 1128 298 1181 quis
339 1127 647 1181 adduceretur,
687 1133 735 1169 ut
765 1129 1066 1182 concluderet,
1107 1129 1355 1171 Gothorum
1384 1129 1582 1171 indolem
1620 1133 1754 1182 atque

198 1195 428 1249 ingenium
466 1196 719 1236 inclinatius
758 1197 897 1237 fuisse
928 1196 984 1237 ad
1025 1197 1354 1251 agriculturam,
1400 1208 1533 1250 quam
1572 1195 1629 1237 ad
1657 1207 1753 1236 rem

197 1263 470 1316 pecuariam,
516 1275 671 1305 errore
702 1268 856 1318 captus
903 1267 1034 1306 esset.
1094 1264 1246 1306 Posito
1279 1264 1395 1305 enim
1429 1266 1473 1305 et
1521 1276 1752 1316 concesso,

200 1330 474 1384 Wisigothos
506 1332 618 1372 citra
639 1332 897 1373 Danubium
930 1331 1144 1385 degentes
1169 1332 1263 1385 jam
1293 1331 1417 1371 illum
1448 1331 1589 1372 cultus
1621 1335 1754 1384 atque

198 1398 484 1438 humanitatis
515 1398 702 1453 gradum
737 1399 1009 1452 ascendisse,
1056 1399 1154 1452 quis
1185 1402 1331 1452 negat,
1368 1410 1457 1440 <eos
1487 1398 1586 1450 hoc,
1632 1396 1754 1451 quod

199 1469 451 1515 tractamus,
483 1470 700 1519 tempore,
733 1480 868 1519 quum
894 1467 988 1519 jam
1010 1478 1092 1519 per
1121 1466 1283 1506 multos
1315 1477 1458 1506 annos
1488 1464 1668 1506 sedibus
1684 1464 1754 1504 fir-

198 1533 282 1573 mis
300 1533 560 1587 caruissent,
583 1545 731 1587 neque
751 1533 1067 1587 agriculturam
1085 1544 1298 1574 exercere
1314 1532 1576 1586 potuissent,
1606 1542 1755 1585 neque

197 1600 352 1642 liceret
380 1613 533 1641 secum
564 1600 729 1642 ducere
751 1602 836 1642 nisi
866 1613 1039 1654 greges,
1072 1601 1170 1653 quis
1202 1603 1282 1653 est,
1314 1599 1389 1652 qui
1418 1602 1564 1652 neget,
1595 1610 1675 1639 eos
1696 1597 1754 1638 ad

197 1668 262 1708 rei
292 1668 532 1721 pecuariae
563 1667 758 1708 studium
787 1668 930 1709 relabi
960 1679 1150 1709 necesse
1181 1668 1332 1708 fuisse.

282 1745 372 1786 Sed
402 1758 460 1786 ne
488 1745 606 1786 istud
637 1745 815 1799 quidem
849 1745 1036 1787 concedi
1066 1748 1238 1799 potest,
1279 1745 1495 1799 probatur
1526 1744 1657 1784 etiam
1687 1743 1749 1783 hi-

198 1813 348 1866 storia,
381 1824 461 1855 eos
478 1816 679 1867 tempore
696 1813 867 1867 primae
897 1813 943 1854 in
959 1813 1194 1867 imperium
1214 1812 1490 1866 migrationis
1506 1811 1573 1852 rei
1589 1822 1753 1864 pecua-

196 1881 291 1921 riae
322 1881 603 1933 potissimum
634 1880 869 1920 studuisse.
933 1881 1094 1921 Narrat
1124 1881 1243 1920 enim
1275 1879 1539 1920 Ammianus
1568 1877 1751 1918 Marcel-

196 1947 313 1988 linus
344 1948 389 1988 in
419 1947 520 1988 libri
549 1946 596 1987 31
634 1960 669 1989 c.
702 1946 727 1987 3
759 1947 815 1989 de
847 1948 1021 1989 Gothis:
1054 1945 1241 2001 „Populi
1270 1959 1374 2000 pars
1404 1946 1549 1999 major
1579 1945 1751 1999 quaeri-

197 2015 319 2055 tabat
363 2014 637 2056 domicilium
682 2018 904 2056 remotum
960 2015 1016 2056 ab
1063 2015 1185 2056 omni
1229 2014 1385 2056 notitia
1441 2012 1753 2065 barbarorum,

198 2082 364 2136 diuque
411 2073 680 2133 deliberans,
728 2094 839 2136 quas
885 2083 1070 2136 eligeret
1105 2081 1250 2134 sedes,
1296 2081 1506 2134 cogitavit
1534 2080 1752 2121 Thraciae

196 2150 528 2203 receptaculum
574 2150 754 2202 gemina
798 2150 972 2190 ratione
1025 2150 1108 2190 sibi
1149 2148 1501 2200 convenientius,
1540 2146 1661 2200 quod
1698 2151 1751 2187 et

198 2217 466 2270 caespitis
498 2220 580 2257 est
609 2217 943 2257 feracissimi
974 2222 1017 2257 et
1037 2215 1327 2270 amplitudine
1357 2215 1621 2256 fluentorum
1653 2213 1753 2253 Istri

197 2283 481 2337 distinguitur
511 2296 538 2324 a
569 2283 785 2324 barbaris.
819 2315 827 2324 .
862 2284 899 2324 ‚⁶⁶

280 2352 454 2392 Pascua
483 2351 616 2405 igitur
647 2351 960 2404 quaeritabant
981 2351 1100 2393 bono
1119 2351 1318 2404 caespite
1349 2349 1626 2399 excellentia,
1658 2359 1748 2388 non

198 2431 344 2472 agros.
402 2420 522 2472 Ergo
554 2418 672 2459 illius
704 2418 934 2460 divisionis
967 2430 1103 2459 causa
1133 2422 1177 2460 et
1214 2418 1338 2458 ratio·
1358 2429 1450 2458 non
1480 2415 1627 2470 posita
1657 2419 1752 2455 erat

196 2487 241 2527 in
272 2487 443 2540 majore
465 2486 762 2539 agriculturae
779 2486 948 2538 studio,
980 2486 1247 2539 explicanda
1268 2488 1335 2525 est
1349 2485 1496 2537 potius
1512 2483 1588 2522 illo
1612 2494 1752 2534 more,

197 2553 404 2594 omnibus
435 2553 613 2607 populis
643 2552 852 2607 pastoriis
883 2553 1123 2606 communi,
1154 2551 1399 2594 secundum
1432 2562 1564 2604 quem
1581 2542 1752 2603 pascua

197 2633 297 2660 cum
329 2621 451 2660 silvis
483 2621 710 2661 communi
742 2621 840 2661 usui
869 2620 1085 2673 patent.'-')
1144 2620 1273 2660 Hunc
1303 2629 1476 2659 morem
1508 2629 1535 2656 a
1560 2616 1749 2668 Wisigo-

274 2805 300 2847 ¹)
325 2805 369 2838 cf.
395 2804 481 2849 Leg.
508 2804 754 2849 Burgundion.
781 2806 831 2840 tit.
857 2805 914 2839 31.
941 2807 958 2848 5
987 2806 1014 2839 1.

269 2862 302 2906 ²)
329 2862 372 2896 cf.
399 2861 554 2897 Grimm:
578 2861 762 2896 Deutsche
789 2861 1190 2897 Rechts-Alterthfimer
1214 2872 1248 2905 p.
1274 2862 1337 2897 501
1367 2866 1404 2895 et
1427 2870 1502 2903 seq.
