1924 3148
919 150 945 191 2

154 287 382 327 exstinctis
411 286 611 341 gaudent
646 285 718 327 vel
749 285 986 339 perversis,
1032 284 1112 326 sed
1150 286 1372 327 bonorum
1402 299 1576 328 morum
1606 301 1709 342 pro·

153 357 391 407 pagatores
423 357 467 394 et
498 353 782 405 defensores,
820 353 1105 392 humanitatis
1135 354 1272 394 fortes
1305 354 1478 401 milites,
1509 355 1706 395 fautores

154 422 199 459 et
237 419 463 473 adjutores
503 420 649 461 novae
689 419 901 472 culturae,
949 430 1066 472 quae
1104 419 1190 460 nisi
1226 420 1272 460 in
1313 421 1536 462 veteribus
1566 421 1705 461 ruinis

155 486 363 527 constitui
391 499 483 528 non
515 489 702 540 poterat.

241 554 429 595 Veteres
459 555 657 595 culturae
679 554 889 599 stolones,
913 556 961 593 ut
975 553 1036 593 ita
1052 553 1210 606 dicam,
1226 555 1485 608 caedebant,
1503 554 1712 596 delebant

162 620 328 660 fructus
336 621 524 674 pingues
536 619 727 673 quidem,
745 618 825 660 sed
840 617 1061 660 invalidos
1082 620 1383 674 etlanguidos,
1402 633 1516 674 quos
1530 621 1709 661 luxuria

154 690 467 729 maturaverat.
535 687 744 729 Societati
782 687 1019 737 humanae,
1059 699 1175 740 quae
1206 689 1300 741 jam
1340 689 1387 729 in
1425 700 1481 730 eo
1514 692 1621 741 erat,
1659 692 1708 729 ut

155 753 484 806 dissolveretur,
523 754 652 795 novis
692 753 926 794 elementis
959 753 1184 807 adductis,
1229 754 1441 795 mundum
1474 758 1708 796 servarunt

155 833 309 863 amore
348 821 589 876 religionis,
628 820 952 875 temperantiae
982 822 1026 861 et
1054 821 1281 862 libertatis.
1343 822 1486 876 Quam
1518 823 1706 876 gloriam

154 890 405 941 regenerati
436 888 589 928 mundi
621 900 894 941 quamquam
925 900 1024 927 cum
1057 888 1216 928 ceteris
1256 879 1489 929 Germanis
1519 890 1705 930 nationi-

156 955 236 995 bus
267 967 550 997 communem
581 955 759 1006 habent,
791 957 941 995 tamen
970 966 1118 995 novae
1147 954 1347 996 culturae
1377 955 1705 1009 spelendidissi-

154 1034 253 1063 mos
284 1023 449 1062 fructus
479 1022 610 1074 primi
642 1021 900 1061 manifestos
932 1021 1145 1061 fecerunt.

240 1088 451 1131 Omnium
484 1101 511 1129 a
540 1088 799 1142 Wisigothis
829 1100 979 1128 rerum
1012 1091 1234 1141 gestarum
1257 1089 1486 1131 historiam
1510 1092 1706 1142 praeter-

153 1155 242 1208 ibo,
273 1167 421 1210 neque
453 1156 619 1196 Alarici
648 1155 828 1195 illustris
859 1154 977 1208 regis
1005 1154 1122 1195 facta
1149 1154 1402 1208 celebrabo,
1433 1167 1580 1209 neque
1610 1156 1704 1208 eJus

156 1222 299 1262 affinis
338 1222 546 1275 Athaulfi,
592 1233 738 1275 neque
784 1221 1011 1263 fortissimi
1048 1220 1244 1273 Waliae‚
1288 1222 1367 1263 sed
1414 1223 1499 1264 hoc
1535 1226 1704 1264 tantum

153 1289 259 1329 mihi
289 1290 520 1343 proposui,
559 1291 607 1329 ut
640 1287 747 1329 inde
777 1301 803 1328 a
833 1292 1050 1342 tempore,
1089 1301 1226 1342 quum
1264 1289 1310 1329 in
1349 1288 1529 1330 sedibus
1567 1289 1705 1330 firmis

154 1356 390 1397 considere
427 1356 713 1409 incipiebant,
760 1356 886 1395 initia
924 1358 968 1395 et
1005 1367 1270 1408 progressus
1316 1368 1471 1397 eorum
1520 1356 1706 1396 civitatis

153 1421 435 1464 Theodorico
467 1423 612 1476 primo
644 1433 751 1475 rege
781 1433 972 1475 narrem,
1005 1424 1140 1475 atque
1171 1421 1417 1475 ostendam,
1450 1434 1538 1476 quo
1569 1421 1704 1464 modo
1764 1414 1767 1416 ’

152 1490 314 1529 factum
348 1491 415 1542 sit,
454 1493 502 1529 ut
537 1490 581 1528 in
621 1488 771 1529 medio
803 1489 1112 1529 Romanorum
1143 1490 1332 1541 imperio
1364 1490 1447 1541 siti,
1487 1501 1623 1541 quum
1662 1493 1706 1528 et

120 1550 127 1555 ’
153 1559 309 1597 contra
329 1556 637 1598 Romanorum
669 1559 786 1597 artes
818 1559 862 1597 et
891 1567 1017 1596 arma
1047 1558 1091 1596 et
1122 1555 1227 1596 vitia
1247 1555 1519 1597 contendere
1541 1559 1586 1597 et
1605 1568 1705 1597 suo-

152 1636 251 1663 rum
282 1636 457 1664 morum
488 1623 772 1676 asperitatem
795 1623 937 1663 lenire
960 1634 1149 1663 necesse
1169 1627 1300 1676 esset,
1332 1634 1386 1664 eo
1408 1623 1706 1676 pervenerint,

153 1693 200 1731 ut
229 1702 387 1732 eorum
417 1702 604 1744 regnum
635 1689 836 1743 potentia
873 1693 917 1730 et
947 1690 1207 1731 auctoritate
1240 1689 1357 1730 inter
1387 1689 1532 1730 vicina
1561 1688 1705 1765 excel-

152 1758 266 1798 leret
294 1761 338 1798 et
367 1769 479 1797 sana
509 1757 681 1797 cultura
712 1757 864 1798 omnia
893 1760 1136 1810 superaret.
