1924 3148
917 182 970 223 35

170 317 315 358 minus
346 317 644 371 periculosum
676 321 771 359 erat
799 329 918 359 novo
956 317 1019 358 illi
1047 330 1195 360 rerum
1236 319 1395 370 ordini,
1436 320 1511 373 qui
1539 319 1713 360 Romae

170 385 431 425 constitutus
462 389 557 425 erat
584 385 660 426 illo
691 389 905 438 tempore,
945 397 1033 439 quo
1065 385 1218 427 Aetius
1249 386 1307 426 ad
1338 390 1526 440 penates
1564 397 1709 426 rever-

170 462 245 491 sus
274 451 318 492 in
365 463 521 493 omnes
550 452 744 494 honores
783 452 1106 494 restituebatur.
1166 454 1263 495 Hoc
1311 459 1406 495 erat
1456 453 1707 495 discrimen:

172 518 331 569 Gotho,
362 519 398 558 si
429 522 558 571 esset,
589 519 809 573 Romano,
840 520 878 559 si
908 520 1097 572 amplius
1128 525 1347 574 regnaret.

255 584 355 639 Qua
386 585 442 625 de
488 597 624 626 causa
660 587 845 627 multum
889 587 1086 634 interest,
1124 591 1172 628 ut
1199 588 1328 640 hujus
1368 589 1472 629 belli
1501 586 1712 627 vicissitu-

106 663 113 669 ’
169 651 295 692 dines
325 655 369 693 et
398 652 563 693 exitum
594 653 726 706 plane
746 665 1083 707 cognoscamus,
1114 653 1194 695 sed
1224 655 1536 697 chronicorum
1567 664 1710 707 egena

168 719 351 759 historia
395 731 477 760 nos
519 719 725 772 impediri
764 719 910 772 doleo,
956 721 1193 773 quominus
1240 733 1395 762 omnes
1425 732 1498 762 res
1541 720 1711 761 fortiter

169 789 315 839 gestas
347 789 390 826 et
410 786 638 840 utriusque
668 786 804 839 partis
826 785 1104 828 conditiones
1126 787 1362 841 perspicue
1394 786 1711 829 describamus.

252 853 406 906 Usque
437 852 494 893 ad
523 853 609 894 hoc
640 856 813 906 tempus
845 853 977 894 Gothi
1012 854 1286 895 Arelatensis
1316 855 1436 895 urbis
1465 855 1711 908 possessio·

168 932 271 961 nem
312 919 590 972 invidebant,
636 932 751 974 quae
790 932 1061 974 quamquam
1111 921 1166 962 ad
1212 921 1477 963 firmandum
1521 933 1707 976 regnum

167 987 350 1027 maximi
394 989 608 1043 momenti
637 991 744 1040 erat,
789 1000 923 1041 quum
969 991 1011 1029 et
1041 989 1309 1030 commercio
1354 990 1539 1042 insignis
1579 991 1709 1039 esset,

169 1059 213 1096 et
243 1055 571 1108 opportunitate
589 1055 690 1105 loci,
723 1054 969 1097 GothOrum
999 1059 1148 1096 tamen
1180 1067 1286 1108 opes
1318 1069 1407 1097 non
1430 1055 1708 1096 sufficiebant

168 1133 316 1174 neque
346 1121 403 1161 ad
426 1121 770 1174 expugnandam
793 1122 950 1161 urbem
979 1121 1267 1162 fortissimam
1289 1126 1333 1163 et
1355 1126 1514 1163 natura
1543 1111 1587 1162 et
1615 1125 1709 1161 arte

171 1188 396 1240 munitam,
434 1199 581 1241 neque
612 1187 668 1228 ad
699 1187 1026 1229 defendendam
1057 1188 1300 1242 (respicias,
1333 1189 1577 1231 Gothorum
1609 1200 1710 1242 pro·

169 1256 289 1308 prias
335 1254 466 1296 sedes
497 1268 525 1295 a
553 1254 773 1296 Rhodano
819 1255 950 1296 fluvio
982 1255 1112 1296 valde
1156 1259 1351 1297 remotas
1390 1256 1548 1308 fuisse,
1593 1266 1712 1296 nova

169 1326 316 1363 autem
344 1322 449 1363 illuc
464 1323 729 1376 migratione
759 1322 912 1375 populi
929 1334 1038 1375 opes
1070 1322 1289 1363 debilitari
1319 1334 1506 1364 necesse
1535 1322 1706 1371 fuisse.)

254 1387 381 1442 Quae
410 1388 683 1429 intellexisse
713 1388 886 1429 videtur
914 1389 1231 1432 Theodoricus.
1290 1390 1359 1430 Ex
1378 1391 1465 1431 hoc
1494 1393 1710 1442 tempore,

169 1455 364 1508 seposito
411 1455 597 1496 consilio
629 1455 818 1496 Arelatis
850 1455 1107 1509 capiendae,
1152 1455 1199 1496 id
1227 1457 1423 1497 maxime
1467 1455 1708 1509 spectabat,

169 1527 215 1562 ut
234 1522 492 1563 Narbonem
522 1522 679 1563 urbem
700 1523 884 1575 eiusque
906 1525 1080 1575 portum
1101 1523 1316 1564 Romanis
1338 1523 1543 1576 eriperet.
1601 1522 1709 1562 Erat

170 1593 317 1630 autem
346 1589 498 1631 Narbo
540 1589 644 1630 urbs
677 1588 733 1629 ad
776 1601 900 1629 mare
933 1590 1031 1642 sita,
1078 1589 1245 1642 optimo
1292 1593 1421 1642 portu
1464 1589 1708 1643 praeclara,

169 1657 252 1696 sita
280 1656 324 1696 in
355 1668 547 1697 amoena
585 1659 628 1696 et
656 1655 785 1696 fertili
822 1656 1053 1709 provincia
1083 1656 1380 1708 Narbonensi,
1421 1657 1543 1709 cujus
1575 1659 1708 1708 caput

169 1722 313 1774 e1·at.¹)
373 1722 619 1763 Gothorum
636 1734 783 1763 autem
813 1722 992 1763 sedibus
1006 1723 1212 1775 proxima
1243 1726 1337 1763 erat
1358 1734 1504 1776 eoque
1535 1722 1705 1763 facilius

169 1788 347 1830 defendi
375 1792 561 1842 poterat.
619 1789 736 1829 Urbs
758 1789 1013 1831 commercii
1044 1800 1222 1842 quoque
1244 1789 1491 1829 libertatem
1523 1789 1706 1842 praebe-

169 1856 256 1908 bat,
288 1855 407 1908 quod
438 1858 569 1895 antea
589 1867 727 1907 penes
759 1856 880 1896 solos
901 1856 1131 1896 Romanos
1162 1854 1358 1904 fuerat.²)
1410 1855 1574 1907 ,Neque
1604 1855 1707 1895 alie-

170 1934 277 1962 num
307 1924 427 1974 puto,
461 1921 630 1962 Gothos
652 1921 891 1975 perductos
923 1932 1022 1962 esse
1052 1920 1108 1961 ad
1130 1920 1363 1962 consilium
1386 1920 1591 1973 capiendi
1607 1933 1707 1975 por-

168 1993 236 2028 tus
265 1988 487 2029 Narbonis
527 1988 748 2029 desiderio
788 1988 981 2042 quodam
1012 1988 1160 2040 maris,
1200 1999 1287 2040 quo
1320 1999 1476 2028 eorum
1513 1988 1706 2041 majores

169 2067 375 2110 magnam
406 2067 554 2097 rerum
598 2056 714 2097 bene
753 2058 973 2110 gestarum
1020 2055 1206 2109 gloriam
1238 2053 1387 2108 adepti
1431 2058 1591 2107 essent,
1637 2055 1709 2096 vel

169 2123 313 2165 studio
345 2123 539 2176 quodam
561 2123 682 2164 omni
710 2123 939 2164 hominum
969 2122 1123 2176 generi
1151 2122 1318 2172 innato,
1349 2125 1396 2161 ut
1417 2122 1709 2174 occupatione

170 2193 323 2244 portus
354 2190 424 2232 siti
448 2189 503 2231 ad
528 2202 664 2243 mare,
696 2189 816 2243 quod
837 2189 1227 2231 communicationi
1248 2189 1579 2242 cogitationum,
1610 2200 1708 2229 sen-

169 2257 418 2310 tentiarum,
460 2257 661 2298 idearum
700 2258 879 2309 faveret,
920 2269 1102 2309 operum
1142 2259 1186 2295 et
1213 2255 1519 2295 inventionum
1549 2256 1707 2296 mentis

171 2322 393 2363 humanae
422 2323 659 2377 participes
690 2323 858 2364 fierent.

254 2389 381 2443 Quae
403 2391 553 2431 omnia
583 2391 783 2431 effecisse
804 2390 909 2431 mihi
930 2389 1146 2442 videntur,
1177 2392 1225 2430 ut
1244 2388 1550 2430 Theodoricus
1581 2389 1709 2443 signa

169 2456 302 2496 ferret
329 2467 420 2496 non
451 2456 497 2496 in
529 2457 758 2510 orientem,
789 2456 870 2498 sed
898 2457 943 2498 in
973 2456 1219 2497 meridiem.

254 2521 383 2563 Anno
414 2521 497 2561 436
526 2523 637 2565 fines
667 2526 982 2578 transgressus,
1013 2523 1168 2564 vicinis
1200 2522 1374 2576 oppidis
1406 2523 1560 2576 captis,
1596 2522 1705 2564 Nar-

169 2588 333 2629 bonem
362 2588 550 2642 festinat,
590 2603 722 2643 quam
755 2590 988 2632 obsidione
1026 2591 1072 2630 in
1103 2602 1229 2630 suam
1261 2589 1473 2630 ditionem
1504 2590 1707 2643 redigere

172 2652 328 2697 studet.
340 2653 371 2705 3)
1206 2658 1209 2659 ’

246 2755 269 2794 ¹)
293 2755 334 2787 In
357 2754 480 2789 Sidon.
505 2755 625 2799 Apoll.
651 2759 817 2792 carminis
842 2758 960 2792 XXIII
983 2770 1016 2791 v.
1042 2757 1096 2792 37.
1121 2758 1283 2791 invenies
1307 2756 1452 2790 laudem
1481 2757 1670 2792 Narbonis.

240 2811 274 2853 ²)
297 2810 484 2845 Salvianus
509 2811 554 2845 de
579 2813 729 2856 gubern.
754 2814 824 2849 Dei
847 2815 909 2849 lib.
936 2814 994 2849 VI.
1019 2825 1052 2860 p.
1081 2814 1156 2849 129.

229 2869 278 2920 .³)
301 2869 425 2912 Prosp.
450 2869 571 2913 Aquit.
596 2870 734 2904 Isidore
759 2876 795 2906 et
819 2872 1013 2907 Sensatore
1037 2871 1113 2906 Css.
1142 2897 1148 2904 .
1174 2897 1180 2904 .
1210 2898 1217 2905 .
1245 2891 1284 2896 —
1311 2870 1454 2905 Idatius.
1482 2890 1522 2895 —

298 2924 424 2959 Isidori
450 2925 668 2969 Hispalensis
694 2928 889 2962 chronicon
917 2928 1066 2963 Gothor.

1189 2983 1238 3015 3}
1259 3002 1262 3003 .
