1924 3148
908 71 963 113 40

159 207 403 249 irrisiorem
434 206 651 258 subiebat,
691 205 812 259 quod
843 206 885 247 ei
915 206 991 259 qui
1020 206 1266 246 maximum
1302 205 1531 246 habuisset
1558 217 1709 258 super-

160 273 310 315 cilium
339 273 465 315 fortis
485 272 582 326 viri,
612 274 751 327 turpis
781 285 903 314 mors
919 272 1152 314 subeunda
1181 275 1312 314 esset.
1371 272 1606 313 Salvianus
1625 275 1709 312 tra-

160 340 243 380 dit:
296 351 427 392 „eum
472 339 617 392 longo,
660 342 864 393 tempore
912 342 957 380 et
1002 338 1210 380 diuturna
1252 339 1299 379 in
1345 338 1567 392 ergastulo
1612 337 1709 379 bar-

158 406 371 447 barorum
392 406 497 448 tabe
525 409 838 460 consumptum
868 407 915 446 in
945 406 1060 447 hanc
1090 406 1315 447 miseriam
1336 405 1565 447 redactum
1595 416 1709 457 esse,

162 476 220 524 ut,
252 473 374 526 quod
403 473 668 527 plerumque
708 473 911 514 homiues
941 473 1075 514 ctiam
1106 473 1265 526 poenis
1303 467 1412 526 ipsis
1440 472 1619 526 gravius
1648 475 1709 512 at-

161 551 249 593 que
279 539 484 581 acerbius
513 543 734 594 putarent,
764 540 811 580 in
841 540 1176 582 miserationem
1191 540 1385 581 hostium
1406 539 1708 593 devenisset;“

161 606 283 648 addit
312 612 484 648 autem:
530 608 692 660 „Gothi
730 608 848 648 enirn
879 608 978 649 Deo
1009 607 1199 648 humiles
1238 607 1467 648 victoriam
1497 607 1543 647 in
1574 619 1707 647 manu

161 674 246 715 Dei
277 687 378 715 esse
409 673 732 716 crediderunt.“

247 741 420 795 Quibus
450 753 508 782 ex
538 741 686 782 verbis
715 741 914 782 Salviani
942 742 1154 796 colligere
1184 752 1275 784 non
1305 752 1557 795 possumus,
1594 740 1708 781 Lito-

160 808 276 849 rium
320 807 598 849 interfectum
629 820 751 861 esse3
796 821 933 862 quum
969 821 1077 851 vero
1123 809 1198 850 alii
1241 809 1400 861 fonteS,
1444 809 1559 849 inter
1594 819 1708 861 quos

160 874 290 915 Idatii
333 875 533 928 aequalis
564 875 817 928 auctoritas,
871 887 972 916 eum
1004 880 1211 917 necatum
1249 886 1351 916 esse
1380 874 1568 927 tradant,
1621 875 1706 916 hoc

160 942 324 982 factum
356 953 457 983 esse
495 953 663 996 negare
693 954 785 984 non
816 953 1068 996 possumus.
1122 942 1246 984 Haec
1275 940 1332 984 dc
1373 941 1488 985 bello
1519 941 1708 984 Gothico

160 1010 307 1051 fontes
328 1010 582 1063 aequalium
604 1009 934 1056 tradiderunt.¹)
993 1009 1121 1064 Quae
1149 1013 1385 1063 postquam
1407 1010 1710 1062 exposuimuS,

161 1079 311 1130 restat,
342 1079 390 1118 ut
419 1076 658 1119 nonnullas
690 1076 975 1131 quaestiones
1006 1076 1232 1131 explicare
1261 1076 1531 1119 studeamus.

248 1145 336 1185 Ubi
365 1147 462 1185 erat
491 1156 573 1197 per
601 1145 687 1185 hoc
718 1148 892 1197 tempus
923 1145 1092 1197 Aetius,
1131 1144 1396 1185 fortissimus
1425 1144 1601 1197 imperii
1631 1143 1707 1184 mi‘-

161 1211 263 1252 les?
308 1209 504 1253 Omnino
535 1222 627 1252 non
658 1211 870 1252 intererat
899 1211 1001 1252 huic
1032 1210 1163 1263 bello,
1195 1211 1415 1264 omnibus,
1445 1223 1561 1265 quae
1590 1215 1710 1252 ante·

165 1282 406 1329 cesserant,
437 1278 661 1331 graviori?
696 1278 767 1320 An
796 1278 872 1318 ille
902 1289 1084 1332 quoque
1113 1281 1269 1318 contra
1286 1277 1456 1319 Gothos
1487 1278 1709 1331 profectus

163 1348 271 1398 erat,
302 1347 539 1399 postquam
567 1344 713 1386 Gallia
742 1345 1100 1398 septentrionalis
1120 1344 1324 1398 placata?
1353 1344 1600 1399 Concipere
1619 1357 1710 1387 non

162 1423 419 1464 possumus,
465 1412 539 1451 alii
581 1412 758 1466 imperii
786 1412 915 1465 parti,
959 1412 1167 1465 graviore
1205 1411 1355 1466 aliqua
1397 1424 1448 1453 re
1477 1412 1710 1460 laboranti,

164 1479 259 1532 ejus
291 1479 512 1532 praesenti
537 1491 565 1519 a
596 1490 708 1533 opus
739 1479 888 1531 fuisse,
920 1491 1008 1533 quo
1024 1478 1328 1533 impediretur,
1359 1480 1596 1532 quominus
1611 1479 1713 1520 huic

167 1546 363 1587 maximo
394 1546 514 1591 bello
544 1547 801 1599 interesset;
831 1557 979 1599 neque
996 1545 1235 1587 verisimile
1265 1545 1395 1599 duco,
1426 1558 1543 1594 eum,
1573 1546 1709 1587 ambi-

163 1613 287 1655 tione
306 1612 524 1666 deposita‚
541 1613 719 1654 aemulo
732 1612 863 1654 talem
884 1613 1154 1667 triumphum
1171 1612 1495 1667 deportandum
1507 1614 1709 1655 cessisse.

252 1679 420 1733 Optimi
451 1679 631 1733 quidem
660 1680 777 1720 illius
808 1681 1022 1734 temporis
1053 1681 1198 1722 fontes
1220 1680 1336 1721 Aetii
1366 1683 1522 1722 contra
1539 1681 1709 1722 Gothos

164 1746 369 1789 bellantis
401 1759 492 1789 non
523 1751 795 1801 memorant,
823 1745 1076 1789 Jornandcs
1106 1750 1276 1788 tantum
1305 1747 1350 1789 in
1373 1759 1470 1801 cap.
1494 1747 1547 1787 34
1578 1748 1710 1790 histo-

165 1816 258 1856 riae
302 1827 452 1856 rerum
485 1815 697 1856 Getarum
742 1815 886 1866 tradit,
926 1827 1028 1857 eum
1070 1815 1363 1856 memorabile
1397 1815 1507 1855 illud
1546 1815 1710 1856 bellum

164 1885 322 1924 contra
345 1882 516 1924 Gothos
547 1882 762 1936 gessisse,
791 1883 1004 1924 Litorium
1034 1886 1180 1923 autem
1202 1883 1468 1923 Hunnorum
1499 1883 1712 1935 equitatui

162 1950 435 2003 praefectum
466 1950 615 1990 fuisse.
674 1950 913 1989 Praeterea
937 1952 1081 1989 exstat
1109 1948 1301 2002 legenda.
1330 1948 1548 2002 quaedam
1570 1950 1712 1989 sancti

165 2014 354 2057 Orientii
370 2015 585 2069 episcopi,
617 2028 733 2069 quae
762 2017 909 2068 refert,
940 2016 1056 2056 hunc
1072 2014 1194 2069 pium
1215 2013 1357 2055 virum
1388 2015 1711 2057 aTheodorico

163 2081 222 2122 ad
251 2083 562 2124 Romanorum
602 2082 738 2123 duces
775 2083 969 2136 legatum
1000 2083 1185 2123 missum
1226 2082 1281 2123 ab
1312 2081 1442 2124 Aetio
1481 2086 1710 2136 receptum

163 2161 264 2190 esse
303 2162 403 2190 cum
437 2149 643 2191 omnibus
674 2150 933 2203 honoribus,
974 2150 1049 2203 qui
1079 2149 1297 2190 ecclesiae
1327 2149 1517 2202 principi
1547 2148 1710 2190 deben-

163 2222 245 2269 tur,
285 2228 313 2256 a
342 2216 509 2258 Litorio
551 2229 657 2258 vero
692 2217 905 2270 rejectum
937 2228 1047 2257 csse.
1109 2216 1210 2270 Qua
1240 2214 1296 2257 de
1334 2227 1471 2256 causa
1497 2216 1710 2258 Litorium

162 2285 207 2324 in
238 2297 391 2337 pugna
411 2283 640 2336 cecidisse,
671 2284 849 2324 Actium
866 2287 1090 2324 servatum
1122 2295 1222 2324 esse
1252 2282 1459 2336 precibus
1489 2284 1712 2336 episcopi,

162 2351 362 2404 ejusdem
403 2351 537 2391 etiam
568 2349 756 2391 Orientii
793 2350 1175 2403 propositionibus
1214 2349 1431 2390 monitum
1463 2349 1710 2390 Gothorum

162 2421 326 2457 terrain
357 2417 589 2470 reliquisse
619 2416 848 2467 Aetiun1.²)

248 2482 392 2537 Quam
412 2482 757 2536 descriptionem
789 2484 1024 2523 conferens
1055 2494 1155 2522 cum
1170 2482 1412 2523 domandis
1442 2483 1711 2534 narratione,

162 2550 380 2590 rationem
414 2551 546 2590 eliam
579 2548 748 2589 habens
788 2547 1084 2589 similitudinis
1115 2548 1223 2601 veri,
1270 2548 1447 2590 Aetium
1479 2549 1709 2590 absentem

241 2650 269 2692 ¹)
294 2650 338 2683 cf.
364 2649 554 2684 Salvianus
580 2649 626 2683 de
652 2649 880 2693 providentia
904 2649 972 2682 Dei
995 2649 1059 2682 lib.
1074 2648 1139 2682 Vll
1155 2660 1237 2693 pag.
1257 2649 1329 2683 140.
1357 2669 1394 2673 —-
1422 2650 1578 2693 Prosper
1590 2650 1711 2694 Aquit.

162 2705 332 2739 Chronic.
377 2705 587 2740 Theodosio
618 2705 720 2738 XVll
752 2710 789 2739 et
821 2706 928 2739 Festo
955 2705 1020 2738 Css
1095 2725 1105 2727 --
1170 2704 1376 2740 Cassiodori
1412 2705 1629 2740 Chronicon.
1667 2724 1711 2731 —

160 2761 365 2796 Jornandes
389 2761 435 2795 de
458 2762 535 2796 reb.
561 2761 640 2796 Gel.
665 2772 743 2805 cap.
768 2761 822 2796 34.
853 2781 891 2786 —
917 2761 1044 2795 isidor.
1069 2760 1202 2805 Hispal.
1228 2760 1394 2796 Chronic.
1420 2761 1526 2796 Goth.

235 2818 268 2859 ¹)
293 2817 459 2852 Bolland.
485 2819 531 2852 ad
559 2818 573 2850 l
605 2828 717 2851 mens.
742 2818 836 2862 Maji.
863 2829 897 2860 p.
923 2817 977 2851 61.
