2814 3514
1385 257 1440 298 40

636 392 881 433 irrisiorem
912 391 1128 443 subiebat,
1169 390 1289 444 quod
1320 391 1362 432 ei
1393 392 1468 444 qui
1497 392 1743 431 maximum
1779 391 2008 432 habuisset
2035 402 2186 444 super-

638 459 788 499 cilium
818 459 943 500 fortis
963 458 1059 511 viri,
1090 459 1228 512 turpis
1258 470 1380 500 mors
1396 457 1629 499 subeunda
1658 460 1789 499 esset.
1848 457 2083 499 Salvianus
2102 461 2186 498 tra-

638 525 720 566 dit:
775 538 905 578 „eum
950 525 1093 578 longo,
1137 527 1341 578 tempore
1389 528 1434 566 et
1479 524 1687 566 diuturna
1729 525 1777 565 in
1823 524 2044 578 ergastulo
2090 523 2186 565 bar-

636 592 849 634 barorum
870 592 973 633 tabe
1002 595 1314 645 consumptum
1346 592 1393 632 in
1422 592 1537 632 hanc
1567 592 1792 632 miseriam
1813 591 2042 632 redactum
2072 602 2187 643 esse,

640 662 699 709 ut,
730 658 851 711 quod
881 658 1145 711 plerumque
1185 659 1388 699 homines
1419 658 1552 699 etiam
1584 658 1742 711 poenis
1780 658 1889 711 ipsis
1918 657 2096 711 gravius
2126 661 2187 697 at-

640 737 727 777 que
758 724 960 765 acerbius
990 728 1211 777 putarent,
1241 724 1288 764 iu
1318 725 1653 766 miserationem
1669 725 1862 765 hostium
1883 723 2185 776 devenisset3“

640 790 761 831 addit
790 796 960 831 autem:
1007 791 1169 843 „Gothi
1207 791 1325 831 enim
1356 792 1455 832 Deo
1487 791 1676 832 humiles
1715 790 1944 831 victoriam
1975 790 2020 830 in
2051 803 2184 831 manu

640 858 724 898 Dei
755 869 854 898 esse
885 856 1209 898 crediderunt.“

724 923 896 978 Quibus
927 935 985 965 ex
1015 924 1163 965 verbis
1193 924 1391 965 Salviani
1419 925 1631 979 colligere
1661 936 1752 966 non
1783 936 2034 977 possumus,
2071 924 2186 964 Lito-

637 991 752 1031 rium
798 990 1075 1032 interfectum
1107 1003 1228 1043 esse,
1273 1004 1410 1045 quum
1446 1004 1554 1033 vero
1601 992 1676 1033 alii
1718 991 1877 1043 fontes,
1921 991 2036 1032 inter
2072 1002 2186 1044 quos

637 1057 767 1097 Idatii
810 1058 1010 1110 aequalis
1041 1058 1294 1110 auctoritas,
1349 1070 1450 1098 eum
1482 1062 1688 1099 necatum
1726 1069 1828 1098 esse
1858 1057 2045 1109 tradant,
2099 1058 2183 1097 hoc

638 1124 801 1164 factum
834 1135 934 1164 esse
972 1135 1140 1177 negare
1171 1136 1263 1165 non
1293 1135 1546 1177 possumus.
1599 1125 1723 1165 Haec
1753 1123 1810 1164 de
1850 1123 1965 1166 bello
1997 1124 2186 1165 Gothico

638 1191 784 1231 fontes
805 1191 1058 1243 aequalium
1081 1190 1410 1236 tradiderunt.¹)
1470 1190 1598 1244 Quae
1627 1193 1862 1243 postquam
1884 1190 2187 1242 exposuimus,

639 1259 788 1309 restat,
820 1259 867 1297 ut
897 1256 1135 1297 nonnullas
1167 1256 1452 1309 quaestiones
1483 1256 1709 1310 explicare
1738 1255 2009 1298 studeamus.

725 1323 813 1363 Ubi
842 1326 939 1364 erat
969 1335 1050 1375 per
1079 1324 1164 1364 hoc
1195 1327 1369 1375 tempus
1400 1324 1569 1375 Aetius,
1608 1323 1873 1363 fortissimus
1902 1324 2079 1376 imperii
2108 1322 2185 1363 mi-

639 1390 740 1430 les?
785 1388 981 1431 Omnino
1012 1400 1104 1430 non
1135 1389 1348 1430 intererat
1376 1389 1478 1430 huic
1509 1389 1640 1441 bello,
1672 1390 1892 1442 omnibus,
1923 1402 2039 1443 quae
2068 1394 2187 1431 ante-

642 1460 882 1507 cesserant,
914 1456 1138 1509 graviori?
1173 1456 1244 1498 An
1273 1456 1349 1496 ille
1380 1468 1561 1509 quoque
1590 1460 1746 1497 contra
1764 1456 1933 1497 Gothos
1965 1457 2187 1509 profectus

640 1526 748 1575 erat,
779 1526 1016 1576 postquam
1044 1522 1190 1563 Gallia
1219 1523 1577 1576 septentrionalis
1598 1522 1801 1576 placata?
1830 1522 2077 1576 Concipere
2097 1535 2187 1564 non

639 1601 896 1642 possumus,
942 1589 1016 1628 alii
1059 1589 1234 1642 imperii
1263 1590 1392 1642 parti,
1437 1590 1644 1642 graviore
1683 1589 1833 1642 aliqua
1875 1601 1925 1630 re
1954 1590 2188 1637 laboranti,

642 1656 736 1709 ejus
768 1656 989 1709 praesenti
1014 1668 1042 1696 a
1073 1667 1186 1710 opus
1216 1656 1365 1708 fuisse,
1397 1668 1486 1709 quo
1501 1655 1805 1709 impediretur,
1836 1657 2073 1709 quominus
2089 1657 2190 1697 huic

644 1723 840 1764 maximo
871 1723 990 1767 bello
1022 1724 1278 1776 interesset,
1308 1734 1456 1776 neque
1473 1723 1713 1764 verisimile
1743 1722 1872 1776 duco,
1904 1735 2021 1771 eum,
2051 1724 2186 1764 ambi-

641 1791 764 1831 tione
783 1789 1000 1842 deposita„
1018 1790 1196 1830 aemulo
1209 1789 1340 1830 talem
1361 1790 1631 1843 triumphum
1649 1789 1973 1843 deportandum
1985 1791 2187 1831 cessisse.

729 1855 897 1910 Optimi
928 1855 1108 1909 quidem
1137 1856 1255 1896 illius
1286 1857 1499 1910 temporis
1530 1857 1675 1898 fontes
1697 1856 1813 1898 Aetii
1844 1860 1999 1898 contra
2016 1857 2187 1899 Gothos

641 1923 846 1964 bellantis
878 1935 969 1964 non
1000 1927 1272 1976 memorant,
1300 1922 1553 1964 Jornandes
1584 1926 1753 1963 tantum
1783 1923 1828 1964 in
1850 1935 1947 1977 cap.
1971 1923 2025 1963 34
2056 1924 2187 1965 histo-

643 1991 735 2031 riae
780 2002 929 2031 rerum
962 1990 1174 2031 Getarum
1220 1990 1363 2041 tradit,
1403 2002 1505 2031 eum
1548 1990 1840 2031 memorabile
1875 1990 1984 2031 illud
2023 1990 2187 2031 bellum

642 2061 799 2098 contra
822 2058 993 2098 Gothos
1024 2058 1239 2110 gessisse,
1268 2058 1481 2098 Litorium
1511 2061 1657 2097 autem
1680 2058 1945 2098 Hunnorum
1977 2058 2189 2110 equitatui

640 2124 912 2177 praefectum
944 2125 1091 2164 fuisse.
1152 2125 1391 2164 Praeterea
1414 2127 1558 2165 exstat
1586 2123 1778 2177 legenda
1808 2123 2025 2176 quaedam
2048 2125 2189 2164 sancti

642 2189 831 2231 Orientii
848 2190 1062 2243 episcopi,
1094 2202 1210 2243 quae
1240 2192 1386 2242 refert,
1418 2191 1533 2231 hunc
1550 2189 1671 2243 pium
1693 2188 1835 2230 virum
1866 2190 2188 2231 aTheodorico

641 2255 699 2296 ad
728 2257 1039 2297 Romanorum
1079 2256 1215 2296 duces
1252 2257 1446 2310 legatum
1478 2257 1662 2296 missum
1703 2256 1759 2296 ab
1790 2256 1920 2297 Aetio
1959 2260 2187 2309 receptum

641 2334 741 2363 esse
780 2335 880 2363 cum
914 2322 1120 2365 omnibus
1152 2323 1410 2376 honoribus,
1452 2324 1526 2377 qui
1557 2322 1774 2364 ecclesiae
1805 2323 1994 2376 principi
2025 2321 2188 2364 deben-

641 2396 722 2442 tur,
763 2402 790 2429 a
820 2390 986 2431 Litorio
1029 2402 1134 2430 vero
1169 2391 1382 2443 reJectum
1414 2402 1524 2430 csse.
1586 2390 1687 2443 Qua
1717 2388 1773 2429 de
1812 2400 1948 2428 causa
1975 2390 2187 2430 Litorium

640 2458 683 2497 in
715 2469 868 2510 pugna
889 2456 1117 2510 cecidisse,
1149 2457 1326 2498 Aetium
1343 2460 1568 2498 servatum
1599 2468 1700 2498 esse
1729 2455 1936 2510 precibus
1967 2457 2189 2511 episcopi,

639 2525 840 2577 ejusdem
880 2525 1014 2565 etiam
1046 2523 1234 2565 Orientii
1271 2525 1652 2577 propositionibus
1692 2524 1907 2564 monitum
1941 2524 2187 2565 Gothorum

639 2595 804 2631 terram
835 2591 1066 2645 reliquisse
1097 2590 1326 2642 Aetiun1.²)

725 2658 869 2712 Quam
889 2658 1234 2710 descriptionem
1267 2659 1502 2698 conferens
1533 2670 1633 2697 cum
1648 2658 1889 2698 jornandis
1920 2659 2188 2710 narratione,

639 2725 857 2766 rationem
892 2726 1023 2765 etiam
1057 2723 1225 2765 habens
1265 2723 1562 2764 similitudinis
1592 2724 1700 2776 veri,
1748 2724 1925 2765 Aetium
1957 2725 2187 2765 absentem

718 2825 746 2867 ¹)
771 2826 816 2857 cs.
841 2824 1032 2858 Salvianus
1057 2825 1104 2858 de
1130 2825 1357 2868 providentia
1382 2824 1449 2858 Dei
1473 2825 1536 2858 lib.
1552 2824 1617 2857 Vll
1633 2835 1714 2868 pag.
1735 2825 1807 2858 140.
1835 2845 1871 2849 —
1900 2826 2056 2869 Prosper
2069 2826 2188 2869 Aquit.

640 2881 809 2914 Chronic.
854 2881 1064 2915 Theodosio
1095 2881 1197 2913 XVll
1230 2886 1266 2914 et
1299 2881 1406 2914 Festo
1432 2881 1497 2913 Oss
1573 2901 1583 2903 ῆν
1648 2880 1852 2915 Cassiodon·
1890 2881 2107 2916 chronicon.
2146 2900 2188 2907 —

637 2936 842 2971 Jornandes
867 2936 912 2970 de
936 2938 1012 2970 reb.
1039 2937 1117 2971 Gel.
1143 2948 1220 2980 cap.
1246 2937 1299 2970 34.
1330 2956 1368 2961 —
1395 2936 1521 2970 Isidor.
1547 2936 1680 2979 Hispal.
1705 2935 1872 2970 Chi-onie.
1898 2936 2004 2971 Goth.

712 2992 745 3034 ¹)
770 2991 936 3027 Bolland.
963 2994 1008 3026 ad
1037 2993 1050 3025 l
1082 3003 1194 3026 mens.
1220 2993 1314 3037 Maji.
1341 3004 1374 3036 p.
1401 2992 1454 3027 61,

2781 2938 2813 2978 ²)

2711 2993 2814 3038 Hispa
