1924 3148
896 100 967 147 ‘27

179 244 433 286 Gunderico
466 243 660 296 contigit,
692 246 739 283 ut
766 243 983 295 Hispalim
1021 242 1178 282 iterum
1209 243 1254 281 in
1293 253 1420 281 suam
1457 245 1722 295 potestatem

176 310 413 366 redigeret.
452 310 600 365 >Quae
630 309 784 351 ultima
812 308 1116 351 Vandalorum
1146 308 1263 363 regis
1293 308 1436 363 gloria
1463 309 1554 362 fuit,
1586 320 1720 363 quum

176 392 205 432 p
218 379 320 421 aulo
337 381 439 433 post
459 377 577 418 diem
595 378 738 419 obiret
752 381 1013 418 extremum.
1045 376 1267 417 Successit
1280 376 1402 417 fratri
1416 376 1573 417 illustri
1588 377 1722 417 frater

180 446 392 488 illustrior
409 446 675 499 Geisericus,
707 445 782 498 qui
806 448 926 486 certe
948 445 1169 485 maximus
1199 443 1502 485 Vandalorum
1520 456 1600 485 rex
1630 443 1721 496 fuit,

179 516 223 554 et
252 513 328 567 qui
353 513 456 566 jure
473 525 573 553 cum
595 512 894 553 celeberrimis
910 511 1259 566 Wisigothorum
1285 514 1329 552 et
1342 509 1722 565 Ostrogothonum

175 580 355 635 regibus
393 583 690 634 comparatur.
734 579 905 622 Eodem
940 580 1034 621 fere
1068 583 1268 633 tempore
1299 578 1566 631 Bonifacius,
1596 589 1722 632 prae-

175 647 315 688 fectus
332 647 521 700 Ai'ricae,
552 647 668 688 Aetii
695 647 860 688 artibus
892 649 935 687 et
964 645 1077 687 dolis
1108 658 1162 688 eo
1195 646 1450 699 compulsus
1481 649 1558 699 est,
1590 649 1638 686 ut
1665 646 1721 686 ab

175 714 447 768 imperatore
464 714 775 755 Valentiniano
807 712 1033 766 deficeret3
1064 713 1152 766 qui,
1183 725 1319 766 quum
1348 713 1496 754 valido
1527 713 1724 754 exercitu

177 781 262 822 sibi
293 793 404 834 opus
444 792 545 821 esse
573 780 851 834 intelligeret,
897 783 946 820 ut
989 779 1247 821 defectionis
1290 791 1485 833 poenam
1524 780 1721 832 evitaret,

176 848 348 901 legatos
378 844 507 888 mittit
536 847 593 888 ad
624 846 939 888 Vandalorum
969 858 1123 902 regem
1147 848 1380 901 Juvenem:
1418 847 1508 901 „uti
1536 847 1582 888 in
1612 846 1723 887 Afri·

180 928 277 955 cam
294 915 500 956 transiret
530 918 573 955 et
587 915 818 956 Bonifacio
836 918 992 955 contra
1010 915 1317 955 Romanorum
1350 915 1569 955 exercitus
1588 926 1720 967 opem

178 983 336 1033 ferret,
369 981 488 1036 quod
520 982 557 1022 si
588 982 795 1035 efficeret,
824 981 947 1021 illum
980 982 1150 1022 tertiam
1181 993 1387 1035 agrorum
1419 984 1588 1035 partem
1606 982 1723 1022 Van·

184 1048 294 1089 dalis
327 1061 554 1090 cessurum
587 1048 751 1099 esse.¹)
812 1047 979 1089 Adnuit
1007 1059 1087 1090 rex
1132 1047 1415 1102 perpendens
1446 1049 1542 1090 sine
1572 1047 1721 1104 dubio,

178 1129 278 1158 sese
308 1117 467 1170 triplici
505 1129 532 1157 a
563 1117 718 1158 Gothis
758 1120 801 1157 et
829 1117 1045 1157 Romanis
1084 1120 1128 1157 et
1166 1116 1321 1157 Suevis
1360 1119 1483 1167 (nam
1515 1120 1560 1157 et
1588 1116 1723 1157 Suevi

180 1185 221 1226 ei
250 1185 400 1226 hostes
432 1184 710 1236 exstiterant)
741 1183 939 1238 periculo
986 1183 1240 1226 difficillime
1284 1184 1329 1225 in
1360 1180 1576 1238 Hispania
1612 1184 1718 1225 resi-

180 1256 297 1293 stere
318 1265 466 1306 posse.
526 1252 749 1294 Collectos
764 1253 896 1305 igitur
912 1252 1138 1294 Vandalos
1155 1265 1254 1292 cum
1274 1252 1489 1292 uxoribus
1511 1256 1554 1292 et
1572 1252 1723 1292 liberis

178 1323 222 1360 et
252 1319 457 1360 omnibus
482 1319 613 1360 bonis
642 1319 687 1359 in
706 1319 898 1359 Africam
930 1331 1031 1360 sese
1061 1319 1263 1372 recipere
1287 1319 1425 1372 jubet.
1472 1319 1719 1360 Suevorum

180 1387 421 1428 exercitum
453 1387 498 1427 in
530 1390 654 1440 tergo
686 1389 947 1440 sequentem
978 1389 1161 1427 cruento
1193 1385 1362 1438 proelio
1393 1385 1449 1426 ad
1472 1386 1618 1426 Anam
1648 1385 1722 1425 flu·

178 1466 281 1495 men
328 1455 461 1507 fugat.
521 1453 694 1495 Deinde
724 1452 915 1494 Vandali
947 1465 1101 1495 omnes
1141 1466 1242 1493 cum
1274 1453 1426 1493 Alanis
1472 1457 1516 1494 et
1545 1453 1721 1506 quibus-

180 1520 281 1561 dam
316 1520 507 1571 Gothis2)
539 1520 792 1574 foederatis,
825 1520 933 1562 freto
965 1521 1161 1574 trajecto,
1191 1520 1236 1560 in
1258 1519 1452 1561 Africam
1481 1522 1721 1562 transeunt.

257 1679 279 1715 ¹)
306 1678 344 1711 cf
374 1678 525 1722 Procop.
552 1678 596 1711 de
621 1677 718 1712 bello
749 1677 943 1713 Vandalico
968 1678 1028 1712 lib.
1046 1679 1062 1712 Ι
1086 1690 1115 1713 c.
1141 1678 1172 1713 3.
1197 1690 1250 1723 sq.

250 1736 282 1778 ²)
308 1735 488 1769 Possidius
524 1736 560 1768 in
585 1736 657 1768 vita
692 1735 740 1768 St.
771 1735 958 1779 Augustini
984 1738 1029 1776 (c.
1056 1735 1112 1779 28)
1150 1736 1289 1776 scribit,
1326 1735 1573 1778 „Geisericum
1598 1745 1722 1770 seeum

179 1792 348 1827 habuisse
373 1793 605 1826 commixtam
631 1791 832 1826 Gothorum
858 1792 1048 1836 gentem3“·
1070 1792 1168 1826 idem
1192 1796 1357 1826 narratur
1380 1794 1416 1825 in
1443 1793 1598 1827 chronic.
1617 1793 1723 1827 Ruin.

182 1860 240 1893 ap.
266 1849 428 1883 Roncall.
455 1849 560 1883 Tom.
586 1850 619 1882 Il
657 1860 690 1893 p.
717 1849 794 1883 260.
823 1869 863 1874 —
889 1850 998 1883 Zeuss
1023 1850 1063 1891 (1.
1090 1861 1119 1883 e.
1144 1861 1178 1894 p.
1203 1850 1270 1883 453
1295 1854 1369 1884 not.
1397 1851 1430 1890 1)
1455 1851 1490 1883 in
1516 1852 1723 1884 universum

179 1905 262 1939 huic
286 1906 483 1939 narrationi
506 1905 615 1939 fidem
641 1905 800 1947 adhibet,
824 1907 875 1939 ita
897 1911 1028 1950 tamen,
1059 1910 1099 1939 ut
1120 1906 1187 1940 hos
1213 1905 1351 1940 Gothos
1376 1907 1518 1940 arianos
1543 1905 1722 1942 vandalo.

180 1975 260 1997 rum
285 1962 492 1997 sacerdotes
518 1963 626 1996 fuisse
643 1963 739 1997 velit.
788 1963 1093 2007 Papencordtium
1119 1963 1352 2005 (Geschichte
1377 1963 1441 1996 der
1465 1963 1721 1998 vandalischen

179 2020 390 2054 llerrschast
423 2020 460 2052 in
485 2020 623 2061 Africa)
661 2019 705 2052 de
731 2030 774 2052 ea
799 2030 837 2052 re
874 2020 923 2053 nil
948 2021 1106 2053 scribere
1138 2020 1259 2054 doleo.
1306 2020 1540 2054 Doctissimus
1564 2021 1723 2055 Aschba-

181 2078 280 2111 chius
305 2076 469 2111 Possidio
506 2076 616 2109 fidem
641 2076 885 2110 adhibendam
910 2087 989 2111 esse
1013 2082 1140 2121 negat;
1179 2076 1224 2110 de
1249 2077 1448 2111 rationibus
1482 2082 1602 2111 autem
1626 2079 1723 2121 sile13

182 2133 349 2178 equidem
377 2143 450 2167 non
477 2133 613 2174 dubito,
639 2134 722 2177 quin
749 2143 793 2166 ea
817 2134 957 2167 ratione
981 2134 1174 2178 perductus
1199 2134 1233 2166 id
1260 2135 1456 2178 negaverit,
1481 2134 1578 2177 quod
1603 2135 1723 2167 verisi-

182 2191 267 2223 mile
291 2200 364 2223 non
391 2192 496 2234 esset,
533 2189 767 2234 Wisigothos,
805 2190 866 2234 qui
897 2193 1023 2225 contra
1046 2189 1230 2225 Vandalos
1261 2190 1370 2225 modo
1396 2195 1626 2236 pugnassent,
1663 2192 1723 2235 qui

181 2249 288 2281 etiam
314 2248 424 2280 firmis
448 2248 484 2279 in
510 2246 628 2280 Gallia
652 2247 797 2281 sedibus
823 2248 1032 2291 gauderent,
1058 2248 1176 2281 subito
1202 2258 1248 2280 ex
1262 2248 1423 2280 hostibus
1449 2249 1584 2281 amicos
1609 2248 1722 2281 factos

182 2314 261 2337 esse
287 2307 324 2336 et
348 2303 554 2337 foederatos
580 2303 625 2336 ad
642 2304 803 2337 Africam
827 2304 1085 2337 invadendum.
1135 2304 1241 2347 Quod
1266 2303 1412 2348 quidem
1437 2303 1722 2338 concedendum.

180 2361 230 2407 At
253 2361 299 2394 de
325 2360 546 2405 Wisigothis,
570 2361 636 2395 sub
663 2361 893 2395 Theodorico
918 2363 952 2394 in
979 2361 1102 2395 Africa
1125 2362 1344 2402 sedentibus,
1369 2361 1549 2394 Possidius
1574 2372 1646 2395 non
1672 2363 1726 2395 lo-

182 2419 301 2461 quitur
359 2417 472 2451 Erant
506 2421 627 2451 autem
652 2422 796 2462 praeter
832 2418 898 2451 hos
924 2417 1075 2463 Gothos,
1110 2428 1201 2462 quos
1232 2418 1395 2452 Alaricus
1430 2419 1466 2451 in
1491 2417 1723 2452 Occidentem

181 2474 294 2518 duxit,
319 2474 379 2508 alii
405 2475 529 2508 etiam:
566 2474 656 2508 Cum
682 2474 888 2519 Radageiso
925 2485 1078 2519 magnus
1110 2479 1186 2508 erat
1220 2485 1389 2508 numerus
1427 2474 1642 2518 Gothorum,
1679 2475 1724 2509 de

182 2531 311 2575 quibus
337 2530 481 2565 Orasius
506 2530 602 2573 (VII.
619 2531 679 2575 37)
706 2535 741 2565 ct
765 2521 986 2576 Augustinus
1012 2531 1076 2574 (de
1106 2532 1246 2565 civitate
1273 2531 1337 2564 Dei
1356 2531 1387 2565 5.
1412 2530 1485 2572 23).
1535 2532 1606 2564 Alii
1624 2538 1726 2565 erant

181 2588 217 2621 in
243 2588 407 2631 Thracia,
431 2588 491 2622 alii
514 2589 551 2621 in
576 2589 673 2632 Asia,
706 2589 764 2622 alii
788 2590 824 2621 in
850 2589 1038 2623 Pannonia
1062 2589 1212 2628 (Zosim.
1237 2588 1295 2621 IV.
1322 2588 1376 2622 38.
1404 2588 1446 2621 V.
1472 2587 1514 2620 37
1544 2589 1724 2621 Ammian.

181 2644 315 2677 Marcel
327 2644 522 2685 XXV11.5)
548 2644 739 2678 Communi
758 2646 836 2688 jam
854 2646 968 2688 patria
992 2648 1154 2677 carentes
1172 2647 1386 2687 patrumque
1410 2644 1557 2677 sedibus
1584 2645 1726 2688 expulsi

179 2700 270 2734 alius
295 2701 403 2734 aliam
429 2702 581 2745 patriam
605 2705 840 2745 quaerebant.
888 2701 981 2744 Quid
1006 2702 1148 2744 mirum,
1184 2712 1265 2734 cum
1293 2701 1462 2735 Vandalis
1486 2703 1724 2745 irruptionem

182 2757 326 2791 facturis
350 2758 388 2790 in
414 2757 566 2791 Galliam
598 2762 634 2792 et
657 2758 865 2802 Hispaniam
891 2758 1065 2802 quasdam
1092 2757 1293 2792 Gothorum
1328 2770 1454 2792 manus
1479 2759 1513 2791 in
1542 2759 1727 2792 Pannonia

182 2815 388 2857 vagantium
415 2824 494 2848 sese
520 2815 774 2858 conjunxisse?
799 2814 1039 2859 Hieronymus
1064 2814 1100 2847 in
1126 2814 1280 2857 epistola
1304 2814 1349 2848 ad
1375 2815 1622 2859 Agcruchiam
1648 2815 1669 2847 l.
1696 2826 1725 2847 c.

182 2875 326 2913 praeter
351 2870 508 2915 Quados,
537 2870 729 2916 Vandalos,
762 2871 955 2916 Sarmatas,
987 2870 1135 2916 Alanos,
1160 2870 1329 2915 Gepidas,
1361 2871 1525 2915 Herulos,
1551 2871 1727 2913 Saxones,
