1924 3148
911 69 967 112 38

160 205 306 256 patria
336 204 521 257 aggredi
552 216 801 257 eorumque
833 216 943 257 opes
975 205 1170 246 funditus
1209 205 1361 247 delere
1389 205 1589 249 intendit.
1647 207 1715 246 Eo

162 270 351 312 consilio
382 282 501 312 anno
531 268 615 310 439
645 282 727 325 per
748 271 1053 313 Arvernorum
1075 275 1240 313 terram
1271 284 1371 314 cum
1403 273 1600 314 exercitu
1616 284 1715 326 pro-

161 337 382 377 ficiscitur.
444 337 581 390 Cujus
600 338 822 378 exercitus
838 338 976 379 robur
1006 339 1245 379 auxiliares
1260 339 1411 379 Hunni
1440 341 1579 390 erant,
1610 349 1717 390 quo-

167 415 267 442 rum
302 414 468 445 saevae
499 407 684 457 turmae,
716 403 978 457 disciplinae
1009 408 1232 458 expertes,
1262 416 1320 446 ne
1349 405 1595 447 amicorum
1625 403 1718 458 qui-

163 469 264 510 dem
299 469 432 512 bonis
464 470 730 524 parcebant3
760 482 864 511 nam
897 469 1106 512 Sidonius
1136 471 1410 524 Apollinaris
1440 473 1486 512 in
1516 472 1717 523 Panegy-

163 536 258 576 rico
291 537 410 577 Aviti
441 536 585 590 docet,
631 548 724 589 eos,
756 537 952 577 maxima
982 537 1242 579 crudelitate
1281 541 1325 579 et
1353 538 1615 580 saevissima
1644 536 1717 577 de·

159 603 426 656 predatione
454 604 531 644 illa
559 603 745 656 regione
773 603 982 649 lacerata,
1021 616 1075 645 eo
1108 605 1391 657 arrogantiae
1420 604 1711 658 processisse,

161 672 210 710 ut
225 670 534 711 Romanorum
552 670 636 723 ipsi
654 670 784 710 amici
802 681 928 710 arma
943 682 1107 723 capere
1128 671 1271 712 coacti
1285 676 1448 723 essent,
1479 671 1638 724 quibus
1656 669 1713 709 vi-

161 739 251 776 tam
268 739 312 777 et
326 736 448 778 bona
471 748 499 777 a
514 735 809 778 barbarorum
825 735 1085 778 crudelitate
1103 741 1146 778 et
1168 738 1354 778 avaritia
1370 736 1713 786 defenderent.¹)

248 802 394 857 Quum
434 814 542 844 vero
581 803 746 855 Hunni,
792 803 1039 846 Gothorum
1080 805 1193 845 fines
1233 805 1511 859 transgressi,
1557 803 1712 845 ultimo

160 872 289 912 freno
305 871 541 912 Romanae
573 870 834 924 disciplinae
852 875 1067 924 carerent,
1093 873 1186 925 Jam
1203 872 1312 912 nulli
1342 873 1595 925 parcebant,
1626 883 1714 925 quo

166 938 330 978 factum
364 941 443 990 est,
488 942 536 978 ut
565 938 741 979 incolae
770 950 954 992 ,pavore
984 939 1101 992 capti
1145 938 1333 980 salutem
1363 940 1469 993 fuga
1496 941 1713 992 peterent.

163 1004 432 1046 Hunnorum
478 1005 722 1058 equitatum
767 1017 911 1059 usque
957 1005 1012 1046 ad
1056 1009 1281 1046 extremos
1313 1006 1560 1047 Gothorum
1604 1005 1715 1045 fines

163 1074 426 1124 provectum
458 1082 573 1123 esse,
605 1070 841 1113 obsidione
872 1072 992 1112 urbis
1016 1072 1249 1112 Vasaticae
1280 1072 1513 1125 probatur3
1543 1071 1599 1112 de
1630 1083 1718 1124 qua

163 1139 300 1178 refert
321 1137 565 1191 Gregorius
586 1138 862 1179 Turonensis
894 1138 971 1189 (de
993 1139 1136 1192 gloria
1153 1142 1400 1191 martyrum
1421 1139 1495 1179 lib.
1520 1137 1548 1178 1.
1570 1150 1606 1179 c.
1634 1136 1713 1188 13).

167 1204 317 1258 Quum
349 1205 470 1245 cives
501 1205 774 1245 Vasatenses
805 1205 995 1247 hostium
1035 1205 1219 1258 impetui
1250 1206 1419 1246 fortiter
1447 1205 1716 1255 resisterent,

161 1282 244 1324 per
289 1270 569 1312 sacerdotem
616 1270 851 1325 admoniti,
908 1271 1059 1313 Hunni
1104 1271 1492 1325 depopulabantur
1547 1271 1714 1312 vicinas

165 1338 307 1390 villas,
339 1338 499 1380 domos
529 1338 737 1380 incendio
770 1338 985 1392 delentes,
1016 1351 1148 1392 agros
1178 1339 1423 1391 vineasque
1451 1338 1716 1379 intromissis

164 1405 406 1457 pecoribus
438 1404 716 1456 vastantes&

251 1471 350 1512 Tali
393 1471 530 1513 modo
564 1472 697 1513 Gothi
728 1472 947 1525 perterriti
993 1473 1194 1526 oppressi
1232 1474 1333 1512 sunt
1375 1483 1522 1525 neque
1566 1471 1715 1524 fugam

166 1538 323 1579 sistere
354 1541 585 1591 conantur,
625 1537 730 1578 dum
761 1538 974 1580 Tolosam
1005 1539 1161 1580 urbem
1193 1538 1566 1591 appropinquant.
1626 1537 1715 1578 Ubi

165 1604 344 1645 tandem
385 1604 612 1646 communi
651 1604 899 1646 defensioni
939 1605 1128 1646 student.
1189 1604 1336 1659 Quum
1380 1617 1487 1646 vero
1527 1603 1717 1645 adversa

164 1672 344 1713 fortuna
373 1672 520 1712 afflicti
535 1672 665 1712 Marti
696 1671 907 1724 diffidant,
939 1672 1219 1725 pactionibus
1236 1672 1397 1724 potius,
1429 1684 1564 1724 quam
1584 1683 1713 1724 proe-

165 1738 225 1779 lio
265 1738 455 1779 salutem
494 1737 799 1791 quaerendam
845 1749 946 1779 esse
990 1741 1157 1791 putant.
1218 1737 1369 1792 Quare
1406 1736 1713 1779 Theodericus

164 1805 402 1847 consilium
449 1805 568 1859 capit
604 1804 846 1846 mittendae
874 1805 1110 1859 legationis
1150 1804 1206 1846 ad
1236 1805 1448 1846 Litorium
1485 1805 1714 1846 victorem.

250 1872 386 1926 Cujus
408 1872 645 1925 legationis
672 1873 879 1926 princeps
910 1872 1086 1925 eligitur
1112 1871 1336 1914 Orientius
1367 1872 1604 1925 episcopus
1629 1871 1716 1912 Au-

167 1940 367 1993 sciensis,
399 1940 475 1993 qui
504 1940 572 1980 vir
602 1939 862 1993 praeclarae
894 1940 1136 1980 sanctitatis
1166 1940 1286 1980 fama
1316 1938 1550 1993 gaudebat.
1595 1939 1638 1979 Is
1667 1939 1712 1979 in

240 2079 267 2121 ¹)
293 2080 337 2112 cf.
364 2080 471 2113 etiam
497 2079 637 2112 Paulini
663 2079 833 2123 Aquitani
870 2079 914 2113 de
940 2081 1012 2113 vita
1037 2079 1179 2113 Martini
1215 2080 1276 2113 lib.
1304 2078 1360 2112 VI.
1398 2091 1431 2112 V.
1458 2078 1578 2114 216—
1594 2079 1632 2113 19
1657 2079 1713 2112 ed.

163 2135 312 2168 Daunii:

433 2196 547 2241 „Cum
573 2197 693 2233 subito
721 2198 907 2241 pacefacta
931 2201 1031 2232 metu
1056 2198 1226 2242 graviore

434 2253 706 2293 „Auxiliatores
731 2245 915 2296 pateretur
940 2253 1057 2286 Gallia
1082 2252 1241 2294 Chunos,

436 2309 553 2351 „Nam
580 2309 719 2342 socium
744 2309 807 2342 vix
833 2310 927 2342 serre
952 2318 1077 2353 queas,
1101 2309 1162 2352 qui
1186 2308 1310 2341 durior
1335 2308 1437 2341 hoste

436 2365 580 2408 „Extet,
607 2370 643 2398 et
667 2365 851 2399 adnexum
877 2365 1006 2399 foedus
1031 2366 1173 2398 feritate
1200 2363 1387 2407 repellat.“

238 2421 270 2464 ²)
297 2422 525 2465 Quamquam
551 2420 748 2465 Gregorius
786 2421 832 2455 de
857 2426 1023 2465 tempore
1059 2421 1259 2456 obsidionis
1283 2420 1334 2453 nil
1370 2419 1553 2463 traddidit,
1594 2424 1715 2454 tamen

164 2477 339 2521 colligere
364 2487 566 2521 possumuS,
603 2488 699 2512 anno
724 2478 791 2512 439
815 2477 853 2511 id
889 2482 1010 2511 actum
1035 2488 1125 2511 esse.
1175 2477 1268 2510 Nam
1293 2476 1365 2510 alio
1403 2480 1569 2519 tempore
1595 2476 1715 2510 Hunni

164 2535 199 2566 in
226 2533 344 2567 Gallia
368 2533 597 2567 meridionali
629 2534 767 2566 bellum
792 2544 864 2567 non
891 2538 1091 2578 gesserunt.
1123 2553 1167 2557 —
1201 2533 1336 2566 Eorum
1363 2532 1490 2565 ducem
1517 2532 1713 2576 Gregorius

165 2589 401 2624 Gausericum
427 2589 587 2633 appellat
647 2589 753 2632 Quod
778 2600 912 2624 nomen
939 2600 1154 2633 germanum
1179 2592 1304 2632 posset
1328 2588 1485 2631 aliquem
1504 2588 1715 2632 perducere,

163 2650 203 2680 ut
227 2647 309 2679 huic
334 2645 501 2689 Gregorii
530 2647 729 2679 narrationi
753 2645 861 2678 fidem
894 2645 1139 2679 adhibendam
1165 2655 1248 2678 esse
1281 2649 1442 2688 negaret.
1491 2644 1539 2678 At
1562 2644 1714 2688 Koepke

164 2702 251 2745 (Die
276 2701 447 2745 Antange
472 2701 536 2735 des
560 2701 806 2745 Konigthums
830 2702 891 2735 bei
918 2701 986 2735 den
1015 2701 1158 2736 Gothen
1184 2712 1218 2745 p.
1247 2700 1329 2744 137)
1355 2705 1392 2735 et
1409 2700 1604 2734 Grimmius
1629 2700 1716 2744 (Ge-

164 2758 324 2792 schichte
350 2757 415 2790 der
440 2757 636 2790 deutschen
655 2757 815 2801 Sprache
841 2768 874 2800 p.
903 2756 979 2791 189.
1005 2756 1092 2800 331)
1118 2757 1262 2801 docent,
1298 2757 1512 2791 Hunnorum
1536 2757 1715 2800 principes

166 2813 371 2848 Gothorum
396 2814 546 2847 nomina
570 2813 790 2857 appellativa
814 2814 881 2847 sibi
906 2814 1153 2857 assumpsisse.
