1924 3148
962 123 989 164 6

201 247 325 288 tania
375 247 545 300 prima)
588 247 878 300 omniumque
925 250 1059 301 caput
1090 247 1303 289 Tolosam
1354 249 1425 299 (in
1470 247 1754 289 Narbonensi

201 313 425 366 prima).¹)

285 380 453 420 Harum
485 379 716 433 regionum
750 391 778 419 a
809 379 965 420 Gothis
997 383 1313 434 occupatarum
1344 384 1548 421 naturam
1579 383 1623 421 et
1650 392 1752 421 con-

201 446 414 488 ditionem
448 447 615 500 optime
645 446 959 500 cognoscimus
991 446 1249 488 Salvianum
1271 450 1474 489 autorem
1494 450 1753 501 sequentes3

202 513 277 566 qui
308 512 438 564 ait²):

288 580 494 633 „Nemini
524 579 707 620 dubium
738 582 819 632 est,
848 580 1100 633 Aquitanos
1132 585 1175 621 et
1203 581 1632 634 Novempopulanos
1663 592 1752 620 me·

201 646 367 686 dullam
401 647 511 686 ferte
542 647 741 687 omnium
775 646 1018 687 Galliarum
1067 650 1111 687 et
1147 647 1259 687 uber
1288 647 1421 688 totius
1458 645 1751 688 foecundiatis

199 712 422 761 habuisse,
453 724 537 753 nec
559 712 704 754 solum
726 712 1050 763 foecunditatis,
1072 713 1152 754 sed
1174 725 1290 767 quae
1317 714 1511 767 proponi
1528 711 1751 753 interdum

197 778 499 819 foecundidati
538 779 704 832 solent,
748 779 1056 833 jucunditatis,
1095 780 1355 834 voluptatis,
1405 779 1751 833 pulchritudinis,

199 845 325 887 Adeo
355 846 445 887 illic
476 847 621 887 omnis
652 846 895 888 admodum
940 847 1064 901 regio
1105 850 1180 888 aut
1217 847 1455 888 intertenta
1483 847 1639 900 vineis,
1678 849 1753 887 aut

201 912 435 953 florulenta
465 913 616 966 pratis,
647 916 723 953 aut
753 912 958 954 distincta
979 914 1173 966 culturis,
1206 917 1281 954 aut
1302 913 1474 955 consita
1494 914 1654 966 pomis,
1677 920 1753 957 aut

198 983 437 1021 amoenata
470 980 603 1033 lucis,
649 983 724 1021 aut
752 973 928 1035 inrigua
957 980 1174 1034 fontibus,
1220 984 1296 1021 aut
1323 981 1537 1022 interfusa
1567 980 1750 1021 flumini-

198 1047 293 1099 bUS,
323 1052 399 1088 aut
429 1048 587 1088 crinita
616 1047 837 1088 messibus
868 1048 960 1100 fuit,
991 1052 1039 1088 ut
1067 1060 1174 1089 vere
1205 1059 1467 1101 possesores
1499 1059 1551 1088 ac
1581 1047 1751 1089 domini

195 1118 342 1155 terrae
378 1115 496 1155 illius
533 1127 625 1157 non
663 1118 752 1156 tam
793 1115 877 1156 soli
913 1116 1038 1156 istius
1069 1116 1335 1169 portionem,
1381 1127 1515 1168 quam
1556 1114 1751 1168 paradisi

194 1181 437 1233 imaginem
482 1180 740 1234 possedisse
781 1181 1056 1222 videantur.‘·
1131 1182 1254 1223 Haec
1300 1181 1538 1234 descriptio
1577 1182 1748 1234 probat,

197 1247 368 1289 Gothos
398 1247 657 1301 possedisse
687 1251 853 1289 terram
881 1249 1107 1302 optimam,
1139 1249 1516 1300 amoenissimam,
1546 1249 1750 1302 praepol-

197 1314 306 1354 lenti
337 1315 536 1355 culturae
567 1318 732 1368 aptam,
792 1314 919 1369 Quae
942 1327 1211 1368 quamquam
1235 1316 1469 1368 sufficiunt,
1503 1318 1549 1356 ut
1570 1316 1663 1368 ejus
1683 1327 1750 1355 re-

196 1381 344 1433 gionis
374 1381 552 1422 incolae
584 1381 741 1422 divites
771 1382 899 1434 fiant,
944 1386 991 1422 ut
1020 1385 1226 1435 potentes
1257 1382 1351 1422 sint
1373 1382 1505 1434 bello,
1538 1382 1750 1435 pacisque
1784 1378 1797 1387 “

194 1447 361 1488 artibus
397 1447 609 1503 insignes,
649 1447 745 1498 aliis
784 1448 917 1489 etiam
957 1447 1286 1490 conditionibus
1319 1461 1431 1503 opus
1472 1451 1551 1502 est,
1590 1448 1750 1502 quibus

195 1515 329 1556 Gothi
359 1515 614 1568 Aquitanici
645 1515 872 1556 carebant.

278 1583 475 1623 Primum
516 1583 633 1624 enim
673 1582 728 1623 ab
759 1583 965 1624 omnibus
995 1582 1195 1636 partibus
1226 1581 1483 1623 circumdati
1515 1586 1654 1635 erant,
1692 1594 1750 1623 ne

195 1649 340 1690 dicam
375 1650 569 1702 obsessi,
616 1650 744 1690 terris
775 1650 1103 1691 Romanorum:
1153 1650 1198 1689 in
1246 1650 1461 1690 orientem
1507 1661 1661 1690 versus
1707 1653 1751 1690 et

195 1718 546 1770 septentrionem
594 1717 832 1758 obstabant
860 1717 1119 1770 provinciae
1151 1717 1350 1757 Gallicae
1386 1718 1430 1757 in
1472 1716 1748 1758 occidentem

193 1784 412 1837 Hispania
430 1796 529 1824 cum
541 1784 947 1837 Novempopulana
958 1784 1342 1836 ethrenaeorum
1360 1784 1406 1824 in
1422 1784 1613 1825 accessis
1625 1796 1748 1824 mon-

193 1851 323 1903 tibus,
355 1850 461 1896 dum
492 1851 536 1890 in
570 1851 801 1892 meridiem
833 1851 1128 1892 excluduntur
1159 1863 1186 1890 a·
1207 1851 1317 1900 mari
1338 1851 1626 1904 interJacente
1647 1863 1747 1903 pro-

191 1918 339 1959 vincia
369 1917 677 1971 Narbonensi,
722 1918 846 1972 cujus
883 1917 1142 1971 provinciae
1180 1917 1514 1971 possessionem
1554 1917 1748 1958 Romani

195 1986 351 2026 Gothis
381 1985 653 2038 invidebant,
684 1988 728 2025 et
750 1986 873 2037 jure,
919 1998 1055 2038 quum
1091 1985 1211 2025 enim
1241 1985 1546 2025 Romanorum
1590 1985 1748 2037 copiae

192 2052 443 2093 maritimae
475 2052 569 2105 Jam
609 2051 759 2092 nullae
797 2054 947 2092 essent
985 2051 1107 2092 nulla
1145 2051 1342 2092 restabat
1371 2051 1462 2103 via,
1501 2063 1582 2105 per
1613 2063 1745 2105 quam

191 2120 236 2159 in
274 2119 536 2172 Hispaniam
577 2122 890 2171 properarent,
937 2119 1023 2158 nisi
1061 2130 1141 2172 per
1178 2118 1519 2159 Narbonensem
1558 2121 1744 2164 terram3

192 2189 348 2239 (quam
369 2186 407 2226 si
419 2184 585 2227 ‘Gothis
607 2185 858 2237 cessissent,
889 2185 1150 2238 Hispaniam
1174 2197 1353 2238 quoque
1375 2184 1536 2236 cedere
1557 2196 1744 2226 necesse

192 2253 375 2304 fuisset).
421 2252 628 2292 Attamen
651 2251 726 2292 illo
750 2254 965 2304 tempore,
988 2264 1075 2305 quo
1099 2254 1194 2292 erat
1213 2263 1337 2292 mare
1353 2251 1745 2304 mediterraneum,

192 2323 240 2360 ut
267 2320 329 2360 ita
360 2319 521 2372 dicam,
552 2318 750 2364 maxima
781 2318 979 2359 culturae
1009 2319 1095 2371 via,
1125 2318 1267 2359 libera
1292 2331 1390 2359 cum
1414 2331 1467 2360 eo
1490 2319 1742 2372 conjunctio

191 2387 376 2427 maximi
405 2386 621 2427 momenti
645 2389 758 2428 erat.

239 2491 293 2526 J)
319 2488 412 2520 Pace
438 2487 608 2520 conclusa
633 2497 728 2519 anno
754 2486 822 2519 439
860 2487 921 2527 (cf.
955 2486 1000 2519 de
1031 2487 1098 2519 hac
1131 2497 1221 2529 pace
1247 2487 1351 2529 hujus
1376 2487 1488 2519 libelli
1513 2498 1547 2529 p.
1574 2487 1614 2519 41
1634 2491 1670 2519 et
1681 2486 1743 2527 42)

191 2549 421 2578 accesserunt
444 2542 591 2577 tandem
618 2543 779 2587 reliquae
807 2543 967 2576 civitates
993 2544 1200 2587 provinciae
1224 2542 1575 2587 Novempopulanae
1611 2543 1747 2578 scilicet

190 2606 292 2634 octo:
318 2600 557 2643 Aquensium,
582 2598 850 2642 Convenarum,
876 2599 1227 2641 Consorrannorum,
1254 2600 1431 2643 Boatium,
1454 2601 1745 2643 Benarrensium,

189 2657 443 2696 Atnrensium,
479 2655 603 2689 Turba
639 2656 717 2697 (ubi
750 2660 867 2690 castra
897 2655 1068 2700 Bigorra)
1105 2656 1409 2690 Elloronensium.
1446 2656 1577 2698 (Hasce
1602 2657 1745 2690 notitias

191 2715 323 2758 collegi
356 2725 403 2747 ex
428 2714 589 2755 „Notitia
613 2713 882 2747 Provinciarum
915 2719 951 2747 et
982 2715 1163 2747 civitatum
1199 2713 1348 2756 Galliae,
1391 2714 1552 2747 Honoriii
1579 2713 1745 2756 Augusti,

188 2778 226 2805 ut
252 2771 403 2814 videtur,
440 2776 607 2814 tempore
632 2769 810 2813 condita,“
859 2770 954 2814 apud
980 2769 1200 2804 duchesne.
1238 2770 1341 2804 Toni.
1364 2770 1398 2814 13
1423 2769 1538 2804 altera
1562 2768 1741 2813 quaedam

188 2830 324 2870 notitia,
343 2827 440 2861 edita
457 2827 552 2870 apud
571 2827 618 2860 du
632 2825 787 2868 Chesne,
805 2837 871 2869 pro
886 2827 1233 2869 „Ecolismensium“
1251 2828 1352 2870 ponit
1369 2826 1743 2869 „Aqualinensium“).

260 2884 295 2924 ²)
320 2883 478 2919 Salvian.
503 2883 549 2916 de
574 2882 658 2927 gub.
685 2881 754 2915 Dei
779 2882 840 2915 lib.
868 2882 942 2915 VII.
969 2893 1002 2926 p.
1031 2882 1097 2916 132
1123 2883 1178 2916 ed.
1206 2882 1419 2916 Rittershus.
