1924 3148
942 153 996 196 33

194 292 299 334 tisse
328 290 632 344 cognovimus,
678 291 983 332 auctoritatem
1021 292 1196 333 Romae
1240 292 1456 346 perditam
1502 302 1736 344 recupera·

193 362 368 406 verunt3
397 357 549 410 ibique
578 357 931 411 contegebantur
959 358 1033 399 fila
1061 359 1255 400 foederis
1285 359 1373 399 late
1404 358 1605 411 dispersi.
1651 356 1736 399 Cu-

186 427 260 479 Jus
289 422 528 479 participes
559 426 686 464 erant
712 423 1052 478 Burgundiones
1082 429 1126 467 et
1155 425 1395 471 Armoriciz
1425 423 1736 478 Bagaudarum

193 501 372 544 quoque
403 492 562 541 motus,
594 490 903 542 quiTibatone
934 491 1127 544 quodam
1158 491 1273 532 duce
1299 491 1504 532 celeriter
1531 501 1613 543 per
1634 489 1734 530 Gal-

191 558 273 598 lias
317 555 687 610 septentrionales
718 557 969 610 serpebant,
1013 558 1066 599 iis
1096 558 1214 599 haud
1245 558 1417 600 alienos
1447 558 1584 598 fuisse
1614 556 1733 598 colli-

191 623 391 678 gimuS.¹)
452 622 579 676 Quae
610 635 767 664 omnes
797 628 952 677 gentes
984 624 1144 666 eodem
1174 626 1268 666 fere
1299 629 1501 679 tempore
1516 623 1733 665 Romanis

191 693 339 734 hostes
370 690 643 732 exstiterunt.
682 714 736 722 --
775 692 1129 747 Burgundiones,
1167 705 1357 748 quorum
1396 703 1560 734 nomen
1590 691 1733 732 diver-

190 771 337 800 sarum
375 758 606 799 nationum
638 759 1001 801 Germanicarum
1042 761 1194 801 ruinas
1224 764 1268 802 et
1296 760 1507 814 reliquias
1537 759 1733 800 contine-

189 827 277 879 bat,
317 829 360 867 et
390 826 465 879 qui
495 837 585 866 una
622 837 724 867 cum
755 826 910 867 Alanis
940 830 984 868 et
1014 827 1225 868 Vandalis
1264 831 1308 868 et
1337 827 1494 868 Suevis
1524 826 1731 866 Rhenum

190 894 466 946 trajecerant,
496 904 616 934 anno
646 892 728 932 413
747 893 1031 935 Germaniam
1061 895 1250 948 primam
1267 896 1597 947 occupaverant
1624 891 1730 932 inde

190 972 217 1000 a
245 959 468 1001 montibus
497 959 635 999 Jurae
664 971 806 1013 usque
837 960 893 1000 ad
923 961 1251 1015 Moguntiacum
1284 959 1553 1015 oppidum.²)

271 1026 352 1068 His
367 1026 642 1080 temporibus
672 1026 803 1068 sedes
818 1039 922 1068 suas
936 1028 981 1080 in
998 1028 1222 1082 Belgicam
1238 1027 1424 1069 dilatare
1440 1023 1732 1078 studebant⁸),

190 1106 278 1148 qua
308 1094 364 1135 de
394 1105 530 1135 causa
546 1094 611 1135 eis
640 1094 813 1145 Franci,
844 1094 1088 1135 earundem
1117 1095 1352 1148 regionum
1369 1092 1730 1147 occupandamm

189 1160 387 1214 studiosi,
424 1160 575 1202 hostes
615 1161 888 1202 exstiterunt.
947 1161 1115 1213 Aetius,
1153 1174 1181 1202 a
1208 1161 1393 1202 Francis
1431 1162 1478 1201 in
1517 1159 1730 1201 auxilium

188 1232 384 1277 vocatus,
414 1240 578 1282 magno
610 1240 709 1268 cum
740 1229 950 1282 exercitu,
981 1229 1057 1282 qui
1086 1228 1359 1269 diversarum
1391 1228 1622 1269 nationum
1652 1225 1730 1265 mi-

187 1295 334 1335 litibus
361 1295 633 1348 compositus
657 1294 806 1348 erat,4)
826 1295 1230 1349 Burgundionibus,
1261 1295 1439 1336 obviam
1460 1295 1550 1335 ivit.
1581 1293 1728 1334 Primo

187 1374 305 1403 anno
327 1363 520 1415 ancipite
536 1363 676 1403 Marte
706 1362 955 1403 conflictum
988 1366 1068 1413 est,
1099 1362 1205 1403 dum
1226 1375 1344 1403 anno
1375 1362 1582 1415 proximo
1605 1358 1728 1412 (437)

162 1422 574 1483 'Burgundionibus
603 1429 702 1470 talis
740 1429 890 1480 clades
919 1430 1083 1471 inflicta
1114 1433 1191 1483 est,
1230 1432 1278 1470 ut
1307 1441 1460 1470 eorum
1497 1439 1578 1469 rex
1610 1427 1728 1468 Gun-

187 1496 360 1538 dericus
390 1508 548 1550 pacem
578 1502 731 1550 petere
761 1501 1014 1551 cogeretur,
1053 1509 1168 1551 quae
1199 1497 1388 1550 supplici
1418 1495 1534 1536 data.
1545 1495 1584 1545 ἡ)
1643 1495 1724 1534 Ba·

186 1563 431 1616 gaudarum
462 1564 507 1603 in
532 1564 686 1605 Galliis
717 1567 761 1604 et
788 1564 1014 1617 Hispaniis
1043 1569 1190 1606 motus
1214 1565 1306 1617 jam
1337 1563 1618 1604 Diocletiano
1648 1560 1727 1601 im-

185 1635 397 1684 peratore
413 1633 736 1684 memorantur3
766 1634 811 1672 at
826 1631 1076 1672 collabente
1104 1631 1292 1684 imperio
1324 1631 1531 1671 Romano
1555 1631 1600 1669 et
1621 1627 1727 1668 Ger-

185 1697 328 1737 manis
345 1697 598 1738 nationi-bus
615 1698 709 1750 ejus
726 1698 978 1751 provincias
994 1697 1318 1750 invadentibus,
1335 1696 1472 1753 multo
1495 1695 1725 1749 graviores

187 1767 325 1806 erant.
928 1808 939 1818 ,

269 1831 475 1872 Judicum
506 1833 838 1886 contemptione
861 1833 1058 1886 justitiae
1088 1832 1265 1873 excitati
1295 1835 1340 1873 et
1375 1829 1625 1871 immodicis
1655 1828 1725 1869 tri-

185 1899 300 1939 butis
331 1898 387 1939 ad
424 1902 671 1940 extremum
708 1900 877 1941 redacti
907 1901 1054 1942 coloni
1086 1901 1180 1953 jam
1210 1899 1377 1940 nullam
1415 1897 1568 1938 salutis
1599 1907 1724 1949 spem

152 1956 156 1960 ’
184 1965 421 2019 habebant,
441 1966 528 2007 nisi
547 1966 593 2008 in
618 1978 798 2009 secessu
815 1968 1086 2021 erepublica
1100 1967 1319 2018 Romana,
1342 1966 1388 2007 in
1412 1963 1726 2017 conjunctione

185 2043 286 2072 cum
315 2033 528 2085 barbaris,
559 2024 749 2086 quorum
776 2034 957 2087 ingenia
986 2034 1200 2087 aequiora
1229 2045 1312 2072 sua
1342 2042 1565 2085 quemque
1593 2029 1724 2069 liber-

184 2101 272 2139 tate
301 2100 364 2139 uti
403 2103 672 2152 paterentur.
731 2101 921 2142 Momilis
960 2092 1003 2142 et
1041 2101 1231 2141 excitata
1267 2099 1498 2141 Gallorum
1536 2095 1723 2143 indoles,

184 2177 272 2217 qua
309 2166 477 2207 facilius
522 2167 579 2208 ad
601 2167 858 2210 ‘seditiones
903 2168 1143 2220 turbasque
1173 2167 1526 2220 proriperentur,
1573 2162 1722 2215 magni

261 2288 288 2330 ¹)
311 2284 437 2333 Prosp'.
462 2290 548 2325 Tiro
572 2291 620 2325 ad
644 2302 726 2325 ann.
752 2292 891 2326 Theod.
919 2291 971 2326 12.

256 2345 283 2384 ²)
308 2345 431 2389 Prosp.
455 2346 576 2391 Aquit.
602 2351 639 2382 et
662 2347 823 2382 Cassiod.
849 2349 894 2382 ad
917 2359 999 2382 ann.
1025 2348 1103 2382 413.

257 2400 286 2441 ³)
311 2400 477 2435 Sidonius
502 2404 623 2447 Apoll.
647 2405 685 2437 in
710 2404 887 2449 Panegyr.
912 2405 1011 2439 Aviti
1035 2416 1066 2438 v„
1093 2403 1172 2437 434.
1198 2404 1253 2436 35.
1283 2422 1317 2427 —
1350 2402 1536 2446 „Belgam,
1561 2400 1723 2443 Burgun-

184 2454 244 2489 dio
269 2466 376 2499 quem
400 2460 484 2491 trux
507 2464 698 2503 presserat,
723 2460 878 2495 absolvit
901 2460 1061 2494 Aetius.“

254 2511 280 2550 ⁴)
305 2512 377 2546 Sid.
404 2512 524 2557 Apoll.
548 2516 585 2549 in
608 2516 786 2561 Panegyr.
811 2517 907 2550 Aviti
930 2528 963 2550 V.
994 2515 1183 2552 435—37.:
1220 2515 1406 2558 „Vincitur
1434 2513 1508 2547 illic
1539 2532 1583 2537 -
1608 2511 1723 2546 Cursu

182 2567 335 2601 Herulus
366 2568 510 2603 Chanus
539 2573 681 2615 Jaculis,
705 2573 936 2617 Francusque
966 2577 1100 2617 natatu,
1137 2592 1181 2598 —
1205 2571 1417 2606 Sauromata
1441 2570 1583 2613 clypeo,
1607 2569 1722 2601 Salius

183 2623 290 2668 pede,
315 2624 406 2658 falce
431 2624 626 2662 Gelonus.“

258 2680 288 2722 ⁵)
313 2681 468 2725 Prosper
491 2683 576 2717 Tiro
603 2686 650 2718 ad
673 2697 755 2719 ann.
780 2686 977 2720 Theodosii
997 2685 1048 2719 13.
1080 2704 1113 2710 -
1142 2685 1263 2727 Prosp.
1284 2684 1406 2727 Aquit.
1430 2681 1637 2716 Theodosio
1655 2680 1722 2713 XV

183 2739 220 2770 et
232 2735 411 2770 Valentin.
436 2737 497 2774 IV.
522 2738 800 2785 Burgundiones
825 2753 847 2776 a
873 2742 998 2777 Gothis
1023 2741 1164 2787 adjutos
1189 2750 1269 2775 esse
1293 2740 1463 2784 aequales
1487 2749 1561 2773 non
1586 2747 1722 2771 memo-

181 2795 273 2836 rant,
296 2793 394 2827 solus
418 2793 726 2839 chronographus
743 2797 864 2832 Caroli
888 2800 1010 2842 magni
1034 2798 1195 2841 aequalis
1220 2797 1317 2840 apud
1341 2796 1389 2829 du
1405 2795 1547 2829 Chesne
1571 2794 1676 2827 Tom.
1692 2793 1719 2826 1.

182 2847 303 2881 scribit
326 2848 372 2881 ad
397 2858 479 2882 ann.
503 2848 587 2883 XIII
610 2851 824 2888 Theodosii:
861 2854 1184 2899 „Burgundionum
1215 2862 1321 2887 caesa
1343 2855 1426 2886 sunt
1454 2851 1581 2896 viginti
1612 2850 1722 2894 milia,

184 2902 396 2948 Gothorum,
422 2906 482 2949 qui
508 2906 558 2940 eis
582 2909 814 2951 auxiliavere,
839 2915 921 2945 octo
946 2911 1079 2944 milia.“

1433 2966 1454 2999 3
